[
  {
    "date": "2024-12-31",
    "symbol": "MCD",
    "reportedCurrency": "USD",
    "cik": "0000063908",
    "fillingDate": "2025-02-25",
    "acceptedDate": "2025-02-25 13:19:01",
    "calendarYear": "2024",
    "period": "Q4",
    "revenue": 6388000000,
    "costOfRevenue": 2709000000,
    "grossProfit": 3679000000,
    "grossProfitRatio": 0.5759236068,
    "researchAndDevelopmentExpenses": 0,
    "generalAndAdministrativeExpenses": 0,
    "sellingAndMarketingExpenses": 0,
    "sellingGeneralAndAdministrativeExpenses": 664000000,
    "otherExpenses": 147000000,
    "operatingExpenses": 811000000,
    "costAndExpenses": 3520000000,
    "interestIncome": 18000000,
    "interestExpense": 380000000,
    "depreciationAndAmortization": 553000000,
    "ebitda": 3471000000,
    "ebitdaratio": 0.5433625548,
    "operatingIncome": 2868000000,
    "operatingIncomeRatio": 0.4489668128,
    "totalOtherIncomeExpensesNet": -330000000,
    "incomeBeforeTax": 2538000000,
    "incomeBeforeTaxRatio": 0.3973074515,
    "incomeTaxExpense": 521000000,
    "netIncome": 2016000000,
    "netIncomeRatio": 0.3155917345,
    "eps": 2.81,
    "epsdiluted": 2.8,
    "weightedAverageShsOut": 716700000,
    "weightedAverageShsOutDil": 719700000,
    "link": "https://www.sec.gov/Archives/edgar/data/63908/000006390825000012/0000063908-25-000012-index.htm",
    "finalLink": "https://www.sec.gov/Archives/edgar/data/63908/000006390825000012/mcd-20241231.htm"
  },
  {
    "date": "2024-09-30",
    "symbol": "MCD",
    "reportedCurrency": "USD",
    "cik": "0000063908",
    "fillingDate": "2024-11-07",
    "acceptedDate": "2024-11-07 12:44:41",
    "calendarYear": "2024",
    "period": "Q3",
    "revenue": 6874000000,
    "costOfRevenue": 2998000000,
    "grossProfit": 3876000000,
    "grossProfitRatio": 0.5638638347,
    "researchAndDevelopmentExpenses": 0,
    "generalAndAdministrativeExpenses": 0,
    "sellingAndMarketingExpenses": 0,
    "sellingGeneralAndAdministrativeExpenses": 536000000,
    "otherExpenses": 152000000,
    "operatingExpenses": 688000000,
    "costAndExpenses": 3686000000,
    "interestIncome": 18000000,
    "interestExpense": 381000000,
    "depreciationAndAmortization": 532000000,
    "ebitda": 3756000000,
    "ebitdaratio": 0.5464067501,
    "operatingIncome": 3188000000,
    "operatingIncomeRatio": 0.4637765493,
    "totalOtherIncomeExpensesNet": -345000000,
    "incomeBeforeTax": 2843000000,
    "incomeBeforeTaxRatio": 0.4135874309,
    "incomeTaxExpense": 588000000,
    "netIncome": 2255000000,
    "netIncomeRatio": 0.328047716,
    "eps": 3.15,
    "epsdiluted": 3.13,
    "weightedAverageShsOut": 716700000,
    "weightedAverageShsOutDil": 720000000,
    "link": "https://www.sec.gov/Archives/edgar/data/63908/000006390824000156/0000063908-24-000156-index.htm",
    "finalLink": "https://www.sec.gov/Archives/edgar/data/63908/000006390824000156/mcd-20240930.htm"
  },
  {
    "date": "2024-06-30",
    "symbol": "MCD",
    "reportedCurrency": "USD",
    "cik": "0000063908",
    "fillingDate": "2024-08-08",
    "acceptedDate": "2024-08-08 11:27:26",
    "calendarYear": "2024",
    "period": "Q2",
    "revenue": 6490000000,
    "costOfRevenue": 2772000000,
    "grossProfit": 3718000000,
    "grossProfitRatio": 0.5728813559,
    "researchAndDevelopmentExpenses": 0,
    "generalAndAdministrativeExpenses": 0,
    "sellingAndMarketingExpenses": 0,
    "sellingGeneralAndAdministrativeExpenses": 590000000,
    "otherExpenses": 208000000,
    "operatingExpenses": 798000000,
    "costAndExpenses": 3570000000,
    "interestIncome": 20000000,
    "interestExpense": 373000000,
    "depreciationAndAmortization": 502000000,
    "ebitda": 3430000000,
    "ebitdaratio": 0.5285053929,
    "operatingIncome": 2920000000,
    "operatingIncomeRatio": 0.4499229584,
    "totalOtherIncomeExpensesNet": -365000000,
    "incomeBeforeTax": 2555000000,
    "incomeBeforeTaxRatio": 0.3936825886,
    "incomeTaxExpense": 533000000,
    "netIncome": 2022000000,
    "netIncomeRatio": 0.3115562404,
    "eps": 2.81,
    "epsdiluted": 2.8,
    "weightedAverageShsOut": 718800000,
    "weightedAverageShsOutDil": 722000000,
    "link": "https://www.sec.gov/Archives/edgar/data/63908/000006390824000123/0000063908-24-000123-index.htm",
    "finalLink": "https://www.sec.gov/Archives/edgar/data/63908/000006390824000123/mcd-20240630.htm"
  },
  {
    "date": "2024-03-31",
    "symbol": "MCD",
    "reportedCurrency": "USD",
    "cik": "0000063908",
    "fillingDate": "2024-05-08",
    "acceptedDate": "2024-05-08 11:24:42",
    "calendarYear": "2024",
    "period": "Q1",
    "revenue": 6169000000,
    "costOfRevenue": 2730000000,
    "grossProfit": 3439000000,
    "grossProfitRatio": 0.5574647431,
    "researchAndDevelopmentExpenses": 0,
    "generalAndAdministrativeExpenses": 0,
    "sellingAndMarketingExpenses": 0,
    "sellingGeneralAndAdministrativeExpenses": 622000000,
    "otherExpenses": 81000000,
    "operatingExpenses": 703000000,
    "costAndExpenses": 3433000000,
    "interestIncome": 47000000,
    "interestExpense": 372000000,
    "depreciationAndAmortization": 510000000,
    "ebitda": 3291000000,
    "ebitdaratio": 0.5334738207,
    "operatingIncome": 2736000000,
    "operatingIncomeRatio": 0.4435078619,
    "totalOtherIncomeExpensesNet": -327000000,
    "incomeBeforeTax": 2409000000,
    "incomeBeforeTaxRatio": 0.3905008916,
    "incomeTaxExpense": 479000000,
    "netIncome": 1929000000,
    "netIncomeRatio": 0.3126924947,
    "eps": 2.67,
    "epsdiluted": 2.66,
    "weightedAverageShsOut": 721800000,
    "weightedAverageShsOutDil": 725900000,
    "link": "https://www.sec.gov/Archives/edgar/data/63908/000006390824000092/0000063908-24-000092-index.htm",
    "finalLink": "https://www.sec.gov/Archives/edgar/data/63908/000006390824000092/mcd-20240331.htm"
  },
  {
    "date": "2023-12-31",
    "symbol": "MCD",
    "reportedCurrency": "USD",
    "cik": "0000063908",
    "fillingDate": "2024-02-22",
    "acceptedDate": "2024-02-22 12:31:15",
    "calendarYear": "2023",
    "period": "Q4",
    "revenue": 6406200000,
    "costOfRevenue": 2752000000,
    "grossProfit": 3654200000,
    "grossProfitRatio": 0.5704161593,
    "researchAndDevelopmentExpenses": 0,
    "generalAndAdministrativeExpenses": 0,
    "sellingAndMarketingExpenses": 0,
    "sellingGeneralAndAdministrativeExpenses": 730900000,
    "otherExpenses": 121400000,
    "operatingExpenses": 852300000,
    "costAndExpenses": 3604300000,
    "interestIncome": 63900000,
    "interestExpense": 360200000,
    "depreciationAndAmortization": 497500000,
    "ebitda": 3372700000,
    "ebitdaratio": 0.526474353,
    "operatingIncome": 2801900000,
    "operatingIncomeRatio": 0.4373731697,
    "totalOtherIncomeExpensesNet": -286900000,
    "incomeBeforeTax": 2515000000,
    "incomeBeforeTaxRatio": 0.39258843,
    "incomeTaxExpense": 476000000,
    "netIncome": 2039000000,
    "netIncomeRatio": 0.318285411,
    "eps": 2.82,
    "epsdiluted": 2.8,
    "weightedAverageShsOut": 723830753,
    "weightedAverageShsOutDil": 727800000,
    "link": "https://www.sec.gov/Archives/edgar/data/63908/000006390824000072/0000063908-24-000072-index.htm",
    "finalLink": "https://www.sec.gov/Archives/edgar/data/63908/000006390824000072/mcd-20231231.htm"
  },
  {
    "date": "2023-09-30",
    "symbol": "MCD",
    "reportedCurrency": "USD",
    "cik": "0000063908",
    "fillingDate": "2023-11-02",
    "acceptedDate": "2023-11-02 15:24:50",
    "calendarYear": "2023",
    "period": "Q3",
    "revenue": 6692000000,
    "costOfRevenue": 2828000000,
    "grossProfit": 3864000000,
    "grossProfitRatio": 0.5774058577,
    "researchAndDevelopmentExpenses": 0,
    "generalAndAdministrativeExpenses": 0,
    "sellingAndMarketingExpenses": 0,
    "sellingGeneralAndAdministrativeExpenses": 584000000,
    "otherExpenses": 72000000,
    "operatingExpenses": 656000000,
    "costAndExpenses": 3484000000,
    "interestIncome": 47000000,
    "interestExpense": 341000000,
    "depreciationAndAmortization": 498000000,
    "ebitda": 3763000000,
    "ebitdaratio": 0.5623132098,
    "operatingIncome": 3208000000,
    "operatingIncomeRatio": 0.4793783622,
    "totalOtherIncomeExpensesNet": -284000000,
    "incomeBeforeTax": 2924000000,
    "incomeBeforeTaxRatio": 0.4369396294,
    "incomeTaxExpense": 606000000,
    "netIncome": 2317000000,
    "netIncomeRatio": 0.3462343096,
    "eps": 3.19,
    "epsdiluted": 3.17,
    "weightedAverageShsOut": 727200000,
    "weightedAverageShsOutDil": 731600000,
    "link": "https://www.sec.gov/Archives/edgar/data/63908/000006390823000101/0000063908-23-000101-index.htm",
    "finalLink": "https://www.sec.gov/Archives/edgar/data/63908/000006390823000101/mcd-20230930.htm"
  },
  {
    "date": "2023-06-30",
    "symbol": "MCD",
    "reportedCurrency": "USD",
    "cik": "0000063908",
    "fillingDate": "2023-08-02",
    "acceptedDate": "2023-08-02 12:00:41",
    "calendarYear": "2023",
    "period": "Q2",
    "revenue": 6497000000,
    "costOfRevenue": 2766000000,
    "grossProfit": 3731000000,
    "grossProfitRatio": 0.5742650454,
    "researchAndDevelopmentExpenses": 0,
    "generalAndAdministrativeExpenses": 0,
    "sellingAndMarketingExpenses": 0,
    "sellingGeneralAndAdministrativeExpenses": 567000000,
    "otherExpenses": 60000000,
    "operatingExpenses": 627000000,
    "costAndExpenses": 3393000000,
    "interestIncome": 37000000,
    "interestExpense": 330000000,
    "depreciationAndAmortization": 492000000,
    "ebitda": 3639000000,
    "ebitdaratio": 0.5601046637,
    "operatingIncome": 3104000000,
    "operatingIncomeRatio": 0.4777589657,
    "totalOtherIncomeExpensesNet": -287000000,
    "incomeBeforeTax": 2817000000,
    "incomeBeforeTaxRatio": 0.4335847314,
    "incomeTaxExpense": 506000000,
    "netIncome": 2310000000,
    "netIncomeRatio": 0.3555487148,
    "eps": 3.17,
    "epsdiluted": 3.15,
    "weightedAverageShsOut": 729600000,
    "weightedAverageShsOutDil": 734300000,
    "link": "https://www.sec.gov/Archives/edgar/data/63908/000006390823000076/0000063908-23-000076-index.htm",
    "finalLink": "https://www.sec.gov/Archives/edgar/data/63908/000006390823000076/mcd-20230630.htm"
  },
  {
    "date": "2023-03-31",
    "symbol": "MCD",
    "reportedCurrency": "USD",
    "cik": "0000063908",
    "fillingDate": "2023-05-04",
    "acceptedDate": "2023-05-04 16:21:29",
    "calendarYear": "2023",
    "period": "Q1",
    "revenue": 5898000000,
    "costOfRevenue": 2584000000,
    "grossProfit": 3314000000,
    "grossProfitRatio": 0.5618853849,
    "researchAndDevelopmentExpenses": 0,
    "generalAndAdministrativeExpenses": 553300000,
    "sellingAndMarketingExpenses": -300000,
    "sellingGeneralAndAdministrativeExpenses": 553000000,
    "otherExpenses": 229000000,
    "operatingExpenses": 782000000,
    "costAndExpenses": 3366000000,
    "interestIncome": 38000000,
    "interestExpense": 330000000,
    "depreciationAndAmortization": 490000000,
    "ebitda": 3087000000,
    "ebitdaratio": 0.523397762,
    "operatingIncome": 2532000000,
    "operatingIncomeRatio": 0.4292980671,
    "totalOtherIncomeExpensesNet": -265000000,
    "incomeBeforeTax": 2267000000,
    "incomeBeforeTaxRatio": 0.3843675822,
    "incomeTaxExpense": 465000000,
    "netIncome": 1802000000,
    "netIncomeRatio": 0.3055272974,
    "eps": 2.47,
    "epsdiluted": 2.45,
    "weightedAverageShsOut": 730900000,
    "weightedAverageShsOutDil": 735500000,
    "link": "https://www.sec.gov/Archives/edgar/data/63908/000006390823000036/0000063908-23-000036-index.htm",
    "finalLink": "https://www.sec.gov/Archives/edgar/data/63908/000006390823000036/mcd-20230331.htm"
  },
  {
    "date": "2022-12-31",
    "symbol": "MCD",
    "reportedCurrency": "USD",
    "cik": "0000063908",
    "fillingDate": "2023-02-24",
    "acceptedDate": "2023-02-24 12:34:36",
    "calendarYear": "2022",
    "period": "Q4",
    "revenue": 5926500000,
    "costOfRevenue": 2517600000,
    "grossProfit": 3408900000,
    "grossProfitRatio": 0.5751961529,
    "researchAndDevelopmentExpenses": 0,
    "generalAndAdministrativeExpenses": 0,
    "sellingAndMarketingExpenses": 0,
    "sellingGeneralAndAdministrativeExpenses": 720300000,
    "otherExpenses": 105900000,
    "operatingExpenses": 826200000,
    "costAndExpenses": 3343800000,
    "interestIncome": 26000000,
    "interestExpense": 322900000,
    "depreciationAndAmortization": 463100000,
    "ebitda": 3124900000,
    "ebitdaratio": 0.5272757952,
    "operatingIncome": 2582700000,
    "operatingIncomeRatio": 0.435788408,
    "totalOtherIncomeExpensesNet": -243800000,
    "incomeBeforeTax": 2338900000,
    "incomeBeforeTaxRatio": 0.3946511432,
    "incomeTaxExpense": 435500000,
    "netIncome": 1903400000,
    "netIncomeRatio": 0.3211676369,
    "eps": 2.6,
    "epsdiluted": 2.59,
    "weightedAverageShsOut": 732489986,
    "weightedAverageShsOutDil": 736000000,
    "link": "https://www.sec.gov/Archives/edgar/data/63908/000006390823000012/0000063908-23-000012-index.htm",
    "finalLink": "https://www.sec.gov/Archives/edgar/data/63908/000006390823000012/mcd-20221231.htm"
  },
  {
    "date": "2022-09-30",
    "symbol": "MCD",
    "reportedCurrency": "USD",
    "cik": "0000063908",
    "fillingDate": "2022-11-07",
    "acceptedDate": "2022-11-07 17:16:42",
    "calendarYear": "2022",
    "period": "Q3",
    "revenue": 5872100000,
    "costOfRevenue": 2426000000,
    "grossProfit": 3446100000,
    "grossProfitRatio": 0.5868598968,
    "researchAndDevelopmentExpenses": 0,
    "generalAndAdministrativeExpenses": 0,
    "sellingAndMarketingExpenses": 0,
    "sellingGeneralAndAdministrativeExpenses": 576400000,
    "otherExpenses": 105800000,
    "operatingExpenses": 682200000,
    "costAndExpenses": 3108200000,
    "interestIncome": 10800000,
    "interestExpense": 306200000,
    "depreciationAndAmortization": 465600000,
    "ebitda": 3308000000,
    "ebitdaratio": 0.5633419049,
    "operatingIncome": 2763900000,
    "operatingIncomeRatio": 0.4706834012,
    "totalOtherIncomeExpensesNet": -227700000,
    "incomeBeforeTax": 2536200000,
    "incomeBeforeTaxRatio": 0.4319068136,
    "incomeTaxExpense": 554600000,
    "netIncome": 1981600000,
    "netIncomeRatio": 0.3374601931,
    "eps": 2.7,
    "epsdiluted": 2.68,
    "weightedAverageShsOut": 734900000,
    "weightedAverageShsOutDil": 739500000,
    "link": "https://www.sec.gov/Archives/edgar/data/63908/000006390822000055/0000063908-22-000055-index.htm",
    "finalLink": "https://www.sec.gov/Archives/edgar/data/63908/000006390822000055/mcd-20220930.htm"
  },
  {
    "date": "2022-06-30",
    "symbol": "MCD",
    "reportedCurrency": "USD",
    "cik": "0000063908",
    "fillingDate": "2022-08-04",
    "acceptedDate": "2022-08-04 15:43:48",
    "calendarYear": "2022",
    "period": "Q2",
    "revenue": 5718400000,
    "costOfRevenue": 2416300000,
    "grossProfit": 3302100000,
    "grossProfitRatio": 0.5774517348,
    "researchAndDevelopmentExpenses": 0,
    "generalAndAdministrativeExpenses": 0,
    "sellingAndMarketingExpenses": 0,
    "sellingGeneralAndAdministrativeExpenses": 611200000,
    "otherExpenses": 979100000,
    "operatingExpenses": 1590300000,
    "costAndExpenses": 4006600000,
    "interestIncome": 4600000,
    "interestExpense": 290600000,
    "depreciationAndAmortization": 462200000,
    "ebitda": 2161900000,
    "ebitdaratio": 0.3780602966,
    "operatingIncome": 1711800000,
    "operatingIncomeRatio": 0.2993494684,
    "totalOtherIncomeExpensesNet": -302700000,
    "incomeBeforeTax": 1409100000,
    "incomeBeforeTaxRatio": 0.2464150811,
    "incomeTaxExpense": 221100000,
    "netIncome": 1188000000,
    "netIncomeRatio": 0.2077504197,
    "eps": 1.61,
    "epsdiluted": 1.6,
    "weightedAverageShsOut": 737500000,
    "weightedAverageShsOutDil": 742000000,
    "link": "https://www.sec.gov/Archives/edgar/data/63908/000006390822000041/0000063908-22-000041-index.htm",
    "finalLink": "https://www.sec.gov/Archives/edgar/data/63908/000006390822000041/mcd-20220630.htm"
  },
  {
    "date": "2022-03-31",
    "symbol": "MCD",
    "reportedCurrency": "USD",
    "cik": "0000063908",
    "fillingDate": "2022-05-02",
    "acceptedDate": "2022-05-02 13:05:28",
    "calendarYear": "2022",
    "period": "Q1",
    "revenue": 5665600000,
    "costOfRevenue": 2615500000,
    "grossProfit": 3050100000,
    "grossProfitRatio": 0.5383542785,
    "researchAndDevelopmentExpenses": 0,
    "generalAndAdministrativeExpenses": 584300000,
    "sellingAndMarketingExpenses": 0,
    "sellingGeneralAndAdministrativeExpenses": 584300000,
    "otherExpenses": 153200000,
    "operatingExpenses": 737500000,
    "costAndExpenses": 3353000000,
    "interestIncome": 2600000,
    "interestExpense": 287300000,
    "depreciationAndAmortization": 479700000,
    "ebitda": 2308200000,
    "ebitdaratio": 0.4074061,
    "operatingIncome": 2312600000,
    "operatingIncomeRatio": 0.4081827167,
    "totalOtherIncomeExpensesNet": -771400000,
    "incomeBeforeTax": 1541200000,
    "incomeBeforeTaxRatio": 0.2720276758,
    "incomeTaxExpense": 436800000,
    "netIncome": 1104400000,
    "netIncomeRatio": 0.1949308105,
    "eps": 1.49,
    "epsdiluted": 1.48,
    "weightedAverageShsOut": 742600000,
    "weightedAverageShsOutDil": 747600000,
    "link": "https://www.sec.gov/Archives/edgar/data/63908/000006390822000016/0000063908-22-000016-index.htm",
    "finalLink": "https://www.sec.gov/Archives/edgar/data/63908/000006390822000016/mcd-20220331.htm"
  },
  {
    "date": "2021-12-31",
    "symbol": "MCD",
    "reportedCurrency": "USD",
    "cik": "0000063908",
    "fillingDate": "2022-02-24",
    "acceptedDate": "2022-02-24 16:19:08",
    "calendarYear": "2021",
    "period": "Q4",
    "revenue": 6009100000,
    "costOfRevenue": 2748100000,
    "grossProfit": 3261000000,
    "grossProfitRatio": 0.54267694,
    "researchAndDevelopmentExpenses": 0,
    "generalAndAdministrativeExpenses": 0,
    "sellingAndMarketingExpenses": 0,
    "sellingGeneralAndAdministrativeExpenses": 755400000,
    "otherExpenses": 108500000,
    "operatingExpenses": 863900000,
    "costAndExpenses": 3612000000,
    "interestIncome": 2500000,
    "interestExpense": 295600000,
    "depreciationAndAmortization": 481600000,
    "ebitda": 2885000000,
    "ebitdaratio": 0.4801051738,
    "operatingIncome": 2397100000,
    "operatingIncomeRatio": 0.3989116507,
    "totalOtherIncomeExpensesNet": -289300000,
    "incomeBeforeTax": 2107800000,
    "incomeBeforeTaxRatio": 0.3507680019,
    "incomeTaxExpense": 469000000,
    "netIncome": 1638800000,
    "netIncomeRatio": 0.2727197084,
    "eps": 2.2,
    "epsdiluted": 2.18,
    "weightedAverageShsOut": 744800000,
    "weightedAverageShsOutDil": 751600000,
    "link": "https://www.sec.gov/Archives/edgar/data/63908/000006390822000011/0000063908-22-000011-index.htm",
    "finalLink": "https://www.sec.gov/Archives/edgar/data/63908/000006390822000011/mcd-20211231.htm"
  },
  {
    "date": "2021-09-30",
    "symbol": "MCD",
    "reportedCurrency": "USD",
    "cik": "0000063908",
    "fillingDate": "2021-11-02",
    "acceptedDate": "2021-11-02 17:15:02",
    "calendarYear": "2021",
    "period": "Q3",
    "revenue": 6201300000,
    "costOfRevenue": 2769900000,
    "grossProfit": 3431400000,
    "grossProfitRatio": 0.5533355909,
    "researchAndDevelopmentExpenses": 0,
    "generalAndAdministrativeExpenses": 0,
    "sellingAndMarketingExpenses": 0,
    "sellingGeneralAndAdministrativeExpenses": 559600000,
    "otherExpenses": -114700000,
    "operatingExpenses": 444900000,
    "costAndExpenses": 3214800000,
    "interestIncome": 2300000,
    "interestExpense": 293700000,
    "depreciationAndAmortization": 469200000,
    "ebitda": 3454300000,
    "ebitdaratio": 0.557028365,
    "operatingIncome": 2986500000,
    "operatingIncomeRatio": 0.4815925693,
    "totalOtherIncomeExpensesNet": -295100000,
    "incomeBeforeTax": 2691400000,
    "incomeBeforeTaxRatio": 0.434005773,
    "incomeTaxExpense": 541500000,
    "netIncome": 2149900000,
    "netIncomeRatio": 0.3466853724,
    "eps": 2.88,
    "epsdiluted": 2.86,
    "weightedAverageShsOut": 747100000,
    "weightedAverageShsOutDil": 752600000,
    "link": "https://www.sec.gov/Archives/edgar/data/63908/000006390821000039/0000063908-21-000039-index.htm",
    "finalLink": "https://www.sec.gov/Archives/edgar/data/63908/000006390821000039/mcd-20210930.htm"
  },
  {
    "date": "2021-06-30",
    "symbol": "MCD",
    "reportedCurrency": "USD",
    "cik": "0000063908",
    "fillingDate": "2021-08-04",
    "acceptedDate": "2021-08-04 14:55:26",
    "calendarYear": "2021",
    "period": "Q2",
    "revenue": 5887900000,
    "costOfRevenue": 2668400000,
    "grossProfit": 3219500000,
    "grossProfitRatio": 0.5467993682,
    "researchAndDevelopmentExpenses": 0,
    "generalAndAdministrativeExpenses": 0,
    "sellingAndMarketingExpenses": 0,
    "sellingGeneralAndAdministrativeExpenses": 572400000,
    "otherExpenses": -44000000,
    "operatingExpenses": 528400000,
    "costAndExpenses": 3196800000,
    "interestIncome": 2400000,
    "interestExpense": 296500000,
    "depreciationAndAmortization": 463400000,
    "ebitda": 3135900000,
    "ebitdaratio": 0.5326007575,
    "operatingIncome": 2691100000,
    "operatingIncomeRatio": 0.4570559962,
    "totalOtherIncomeExpensesNet": -315100000,
    "incomeBeforeTax": 2376000000,
    "incomeBeforeTaxRatio": 0.4035394623,
    "incomeTaxExpense": 156700000,
    "netIncome": 2219300000,
    "netIncomeRatio": 0.3769255592,
    "eps": 2.97,
    "epsdiluted": 2.95,
    "weightedAverageShsOut": 746600000,
    "weightedAverageShsOutDil": 752100000,
    "link": "https://www.sec.gov/Archives/edgar/data/63908/000006390821000030/0000063908-21-000030-index.htm",
    "finalLink": "https://www.sec.gov/Archives/edgar/data/63908/000006390821000030/mcd-20210630.htm"
  },
  {
    "date": "2021-03-31",
    "symbol": "MCD",
    "reportedCurrency": "USD",
    "cik": "0000063908",
    "fillingDate": "2021-05-05",
    "acceptedDate": "2021-05-05 15:55:09",
    "calendarYear": "2021",
    "period": "Q1",
    "revenue": 5124600000,
    "costOfRevenue": 2456300000,
    "grossProfit": 2668300000,
    "grossProfitRatio": 0.5206845412,
    "researchAndDevelopmentExpenses": 0,
    "generalAndAdministrativeExpenses": 0,
    "sellingAndMarketingExpenses": 0,
    "sellingGeneralAndAdministrativeExpenses": 490400000,
    "otherExpenses": -103400000,
    "operatingExpenses": 387000000,
    "costAndExpenses": 2843300000,
    "interestIncome": 1800000,
    "interestExpense": 300000000,
    "depreciationAndAmortization": 453900000,
    "ebitda": 2706600000,
    "ebitdaratio": 0.5281582953,
    "operatingIncome": 2281300000,
    "operatingIncomeRatio": 0.445166452,
    "totalOtherIncomeExpensesNet": -328600000,
    "incomeBeforeTax": 1952700000,
    "incomeBeforeTaxRatio": 0.3810443742,
    "incomeTaxExpense": 415500000,
    "netIncome": 1537200000,
    "netIncomeRatio": 0.2999648753,
    "eps": 2.06,
    "epsdiluted": 2.05,
    "weightedAverageShsOut": 745800000,
    "weightedAverageShsOutDil": 751000000,
    "link": "https://www.sec.gov/Archives/edgar/data/63908/000006390821000018/0000063908-21-000018-index.htm",
    "finalLink": "https://www.sec.gov/Archives/edgar/data/63908/000006390821000018/mcd-20210331.htm"
  },
  {
    "date": "2020-12-31",
    "symbol": "MCD",
    "reportedCurrency": "USD",
    "cik": "0000063908",
    "fillingDate": "2021-02-23",
    "acceptedDate": "2021-02-23 13:50:20",
    "calendarYear": "2020",
    "period": "Q4",
    "revenue": 5313800000,
    "costOfRevenue": 2533600000,
    "grossProfit": 2780200000,
    "grossProfitRatio": 0.5232037337,
    "researchAndDevelopmentExpenses": 0,
    "generalAndAdministrativeExpenses": 0,
    "sellingAndMarketingExpenses": 0,
    "sellingGeneralAndAdministrativeExpenses": 698000000,
    "otherExpenses": -60700000,
    "operatingExpenses": 637300000,
    "costAndExpenses": 3170900000,
    "interestIncome": 0,
    "interestExpense": 322700000,
    "depreciationAndAmortization": 464300000,
    "ebitda": 2617000000,
    "ebitdaratio": 0.4924912492,
    "operatingIncome": 2142900000,
    "operatingIncomeRatio": 0.403270729,
    "totalOtherIncomeExpensesNet": -312900000,
    "incomeBeforeTax": 1830000000,
    "incomeBeforeTaxRatio": 0.3443863149,
    "incomeTaxExpense": 452800000,
    "netIncome": 1377200000,
    "netIncomeRatio": 0.2591742256,
    "eps": 1.85,
    "epsdiluted": 1.84,
    "weightedAverageShsOut": 745400000,
    "weightedAverageShsOutDil": 751000000,
    "link": "https://www.sec.gov/Archives/edgar/data/63908/000006390821000013/0000063908-21-000013-index.htm",
    "finalLink": "https://www.sec.gov/Archives/edgar/data/63908/000006390821000013/mcd-20201231.htm"
  },
  {
    "date": "2020-09-30",
    "symbol": "MCD",
    "reportedCurrency": "USD",
    "cik": "0000063908",
    "fillingDate": "2020-11-09",
    "acceptedDate": "2020-11-09 13:03:55",
    "calendarYear": "2020",
    "period": "Q3",
    "revenue": 5418100000,
    "costOfRevenue": 2513400000,
    "grossProfit": 2904700000,
    "grossProfitRatio": 0.5361104446,
    "researchAndDevelopmentExpenses": 0,
    "generalAndAdministrativeExpenses": 0,
    "sellingAndMarketingExpenses": 0,
    "sellingGeneralAndAdministrativeExpenses": 454700000,
    "otherExpenses": -76400000,
    "operatingExpenses": 378300000,
    "costAndExpenses": 2891700000,
    "interestIncome": 3400000,
    "interestExpense": 310100000,
    "depreciationAndAmortization": 440100000,
    "ebitda": 2967300000,
    "ebitdaratio": 0.5476643104,
    "operatingIncome": 2526400000,
    "operatingIncomeRatio": 0.4662889205,
    "totalOtherIncomeExpensesNet": -309300000,
    "incomeBeforeTax": 2217100000,
    "incomeBeforeTaxRatio": 0.409202488,
    "incomeTaxExpense": 454500000,
    "netIncome": 1762600000,
    "netIncomeRatio": 0.325316993,
    "eps": 2.37,
    "epsdiluted": 2.35,
    "weightedAverageShsOut": 744500000,
    "weightedAverageShsOutDil": 750000000,
    "link": "https://www.sec.gov/Archives/edgar/data/63908/000006390820000076/0000063908-20-000076-index.htm",
    "finalLink": "https://www.sec.gov/Archives/edgar/data/63908/000006390820000076/mcd-9302020x10q.htm"
  },
  {
    "date": "2020-06-30",
    "symbol": "MCD",
    "reportedCurrency": "USD",
    "cik": "0000063908",
    "fillingDate": "2020-08-10",
    "acceptedDate": "2020-08-10 13:50:45",
    "calendarYear": "2020",
    "period": "Q2",
    "revenue": 3761500000,
    "costOfRevenue": 2036200000,
    "grossProfit": 1725300000,
    "grossProfitRatio": 0.4586734016,
    "researchAndDevelopmentExpenses": 0,
    "generalAndAdministrativeExpenses": 0,
    "sellingAndMarketingExpenses": 0,
    "sellingGeneralAndAdministrativeExpenses": 576000000,
    "otherExpenses": 188200000,
    "operatingExpenses": 764200000,
    "costAndExpenses": 2800400000,
    "interestIncome": 5000000,
    "interestExpense": 319100000,
    "depreciationAndAmortization": 425700000,
    "ebitda": 1393500000,
    "ebitdaratio": 0.3704639107,
    "operatingIncome": 961100000,
    "operatingIncomeRatio": 0.25550977,
    "totalOtherIncomeExpensesNet": -312400000,
    "incomeBeforeTax": 648700000,
    "incomeBeforeTaxRatio": 0.1724577961,
    "incomeTaxExpense": 164900000,
    "netIncome": 483800000,
    "netIncomeRatio": 0.128618902,
    "eps": 0.65,
    "epsdiluted": 0.65,
    "weightedAverageShsOut": 743800000,
    "weightedAverageShsOutDil": 748600000,
    "link": "https://www.sec.gov/Archives/edgar/data/63908/000006390820000063/0000063908-20-000063-index.htm",
    "finalLink": "https://www.sec.gov/Archives/edgar/data/63908/000006390820000063/mcd-6302020x10q.htm"
  },
  {
    "date": "2020-03-31",
    "symbol": "MCD",
    "reportedCurrency": "USD",
    "cik": "0000063908",
    "fillingDate": "2020-05-07",
    "acceptedDate": "2020-05-07 13:33:15",
    "calendarYear": "2020",
    "period": "Q1",
    "revenue": 4714400000,
    "costOfRevenue": 2372500000,
    "grossProfit": 2341900000,
    "grossProfitRatio": 0.4967546241,
    "researchAndDevelopmentExpenses": 0,
    "generalAndAdministrativeExpenses": 0,
    "sellingAndMarketingExpenses": 0,
    "sellingGeneralAndAdministrativeExpenses": 516300000,
    "otherExpenses": 132000000,
    "operatingExpenses": 648300000,
    "costAndExpenses": 3020800000,
    "interestIncome": 5400000,
    "interestExpense": 280000000,
    "depreciationAndAmortization": 421300000,
    "ebitda": 2146200000,
    "ebitdaratio": 0.4552435092,
    "operatingIncome": 1693600000,
    "operatingIncomeRatio": 0.359239776,
    "totalOtherIncomeExpensesNet": -248700000,
    "incomeBeforeTax": 1444900000,
    "incomeBeforeTaxRatio": 0.3064865094,
    "incomeTaxExpense": 338000000,
    "netIncome": 1106900000,
    "netIncomeRatio": 0.2347912778,
    "eps": 1.49,
    "epsdiluted": 1.47,
    "weightedAverageShsOut": 744800000,
    "weightedAverageShsOutDil": 750700000,
    "link": "https://www.sec.gov/Archives/edgar/data/63908/000006390820000042/0000063908-20-000042-index.htm",
    "finalLink": "https://www.sec.gov/Archives/edgar/data/63908/000006390820000042/mcd-3312020x10q.htm"
  }
]