[
  {
    "date": "2024-12-31",
    "symbol": "MCD",
    "reportedCurrency": "USD",
    "cik": "0000063908",
    "fillingDate": "2025-02-25",
    "acceptedDate": "2025-02-25 13:19:01",
    "calendarYear": "2024",
    "period": "FY",
    "revenue": 25920000000,
    "costOfRevenue": 11210000000,
    "grossProfit": 14710000000,
    "grossProfitRatio": 0.5675154321,
    "researchAndDevelopmentExpenses": 0,
    "generalAndAdministrativeExpenses": 0,
    "sellingAndMarketingExpenses": 0,
    "sellingGeneralAndAdministrativeExpenses": 2412000000,
    "otherExpenses": 586000000,
    "operatingExpenses": 2998000000,
    "costAndExpenses": 14208000000,
    "interestIncome": 103000000,
    "interestExpense": 1506000000,
    "depreciationAndAmortization": 2097000000,
    "ebitda": 13948000000,
    "ebitdaratio": 0.538117284,
    "operatingIncome": 11712000000,
    "operatingIncomeRatio": 0.4518518519,
    "totalOtherIncomeExpensesNet": -1367000000,
    "incomeBeforeTax": 10345000000,
    "incomeBeforeTaxRatio": 0.3991126543,
    "incomeTaxExpense": 2121000000,
    "netIncome": 8223000000,
    "netIncomeRatio": 0.3172453704,
    "eps": 11.5,
    "epsdiluted": 11.39,
    "weightedAverageShsOut": 715200000,
    "weightedAverageShsOutDil": 721900000,
    "link": "https://www.sec.gov/Archives/edgar/data/63908/000006390825000012/0000063908-25-000012-index.htm",
    "finalLink": "https://www.sec.gov/Archives/edgar/data/63908/000006390825000012/mcd-20241231.htm"
  },
  {
    "date": "2023-12-31",
    "symbol": "MCD",
    "reportedCurrency": "USD",
    "cik": "0000063908",
    "fillingDate": "2024-02-22",
    "acceptedDate": "2024-02-22 12:31:15",
    "calendarYear": "2023",
    "period": "FY",
    "revenue": 25495000000,
    "costOfRevenue": 10931000000,
    "grossProfit": 14564000000,
    "grossProfitRatio": 0.5712492646,
    "researchAndDevelopmentExpenses": 0,
    "generalAndAdministrativeExpenses": 0,
    "sellingAndMarketingExpenses": 0,
    "sellingGeneralAndAdministrativeExpenses": 2435000000,
    "otherExpenses": 482000000,
    "operatingExpenses": 2917000000,
    "costAndExpenses": 13848000000,
    "interestIncome": 187000000,
    "interestExpense": 1361000000,
    "depreciationAndAmortization": 1978000000,
    "ebitda": 13861000000,
    "ebitdaratio": 0.5436752304,
    "operatingIncome": 11647000000,
    "operatingIncomeRatio": 0.4568346735,
    "totalOtherIncomeExpensesNet": -1125000000,
    "incomeBeforeTax": 10522000000,
    "incomeBeforeTaxRatio": 0.4127083742,
    "incomeTaxExpense": 2053000000,
    "netIncome": 8469000000,
    "netIncomeRatio": 0.3321827809,
    "eps": 11.63,
    "epsdiluted": 11.56,
    "weightedAverageShsOut": 727900000,
    "weightedAverageShsOutDil": 732300000,
    "link": "https://www.sec.gov/Archives/edgar/data/63908/000006390824000072/0000063908-24-000072-index.htm",
    "finalLink": "https://www.sec.gov/Archives/edgar/data/63908/000006390824000072/mcd-20231231.htm"
  },
  {
    "date": "2022-12-31",
    "symbol": "MCD",
    "reportedCurrency": "USD",
    "cik": "0000063908",
    "fillingDate": "2023-02-24",
    "acceptedDate": "2023-02-24 12:34:36",
    "calendarYear": "2022",
    "period": "FY",
    "revenue": 23182000000,
    "costOfRevenue": 9975000000,
    "grossProfit": 13207000000,
    "grossProfitRatio": 0.5697092572,
    "researchAndDevelopmentExpenses": 0,
    "generalAndAdministrativeExpenses": 0,
    "sellingAndMarketingExpenses": 0,
    "sellingGeneralAndAdministrativeExpenses": 2492000000,
    "otherExpenses": 1344000000,
    "operatingExpenses": 3836000000,
    "costAndExpenses": 13811000000,
    "interestIncome": 44000000,
    "interestExpense": 1207000000,
    "depreciationAndAmortization": 1871000000,
    "ebitda": 10903000000,
    "ebitdaratio": 0.4703218014,
    "operatingIncome": 9371000000,
    "operatingIncomeRatio": 0.4042360452,
    "totalOtherIncomeExpensesNet": -1546000000,
    "incomeBeforeTax": 7825000000,
    "incomeBeforeTaxRatio": 0.3375463722,
    "incomeTaxExpense": 1648000000,
    "netIncome": 6177000000,
    "netIncomeRatio": 0.2664567337,
    "eps": 8.39,
    "epsdiluted": 8.33,
    "weightedAverageShsOut": 736500000,
    "weightedAverageShsOutDil": 741300000,
    "link": "https://www.sec.gov/Archives/edgar/data/63908/000006390823000012/0000063908-23-000012-index.htm",
    "finalLink": "https://www.sec.gov/Archives/edgar/data/63908/000006390823000012/mcd-20221231.htm"
  },
  {
    "date": "2021-12-31",
    "symbol": "MCD",
    "reportedCurrency": "USD",
    "cik": "0000063908",
    "fillingDate": "2022-02-24",
    "acceptedDate": "2022-02-24 16:19:08",
    "calendarYear": "2021",
    "period": "FY",
    "revenue": 23222900000,
    "costOfRevenue": 10642700000,
    "grossProfit": 12580200000,
    "grossProfitRatio": 0.5417152896,
    "researchAndDevelopmentExpenses": 0,
    "generalAndAdministrativeExpenses": 0,
    "sellingAndMarketingExpenses": 0,
    "sellingGeneralAndAdministrativeExpenses": 2377800000,
    "otherExpenses": -153600000,
    "operatingExpenses": 2224200000,
    "costAndExpenses": 12866900000,
    "interestIncome": 9000000,
    "interestExpense": 1185800000,
    "depreciationAndAmortization": 1868100000,
    "ebitda": 12181800000,
    "ebitdaratio": 0.5245598095,
    "operatingIncome": 10356000000,
    "operatingIncomeRatio": 0.4459391377,
    "totalOtherIncomeExpensesNet": -1228100000,
    "incomeBeforeTax": 9127900000,
    "incomeBeforeTaxRatio": 0.3930559921,
    "incomeTaxExpense": 1582700000,
    "netIncome": 7545200000,
    "netIncomeRatio": 0.3249034358,
    "eps": 10.11,
    "epsdiluted": 10.04,
    "weightedAverageShsOut": 746300000,
    "weightedAverageShsOutDil": 751800000,
    "link": "https://www.sec.gov/Archives/edgar/data/63908/000006390822000011/0000063908-22-000011-index.htm",
    "finalLink": "https://www.sec.gov/Archives/edgar/data/63908/000006390822000011/mcd-20211231.htm"
  },
  {
    "date": "2020-12-31",
    "symbol": "MCD",
    "reportedCurrency": "USD",
    "cik": "0000063908",
    "fillingDate": "2021-02-23",
    "acceptedDate": "2021-02-23 13:50:20",
    "calendarYear": "2020",
    "period": "FY",
    "revenue": 19207800000,
    "costOfRevenue": 9455700000,
    "grossProfit": 9752100000,
    "grossProfitRatio": 0.5077156155,
    "researchAndDevelopmentExpenses": 0,
    "generalAndAdministrativeExpenses": 0,
    "sellingAndMarketingExpenses": 0,
    "sellingGeneralAndAdministrativeExpenses": 2245000000,
    "otherExpenses": 183100000,
    "operatingExpenses": 2428100000,
    "costAndExpenses": 11883800000,
    "interestIncome": 18000000,
    "interestExpense": 1218100000,
    "depreciationAndAmortization": 1751400000,
    "ebitda": 9110200000,
    "ebitdaratio": 0.4742969002,
    "operatingIncome": 7324000000,
    "operatingIncomeRatio": 0.3813034288,
    "totalOtherIncomeExpensesNet": -1183300000,
    "incomeBeforeTax": 6140700000,
    "incomeBeforeTaxRatio": 0.3196982476,
    "incomeTaxExpense": 1410200000,
    "netIncome": 4730500000,
    "netIncomeRatio": 0.246280157,
    "eps": 6.35,
    "epsdiluted": 6.31,
    "weightedAverageShsOut": 744600000,
    "weightedAverageShsOutDil": 750100000,
    "link": "https://www.sec.gov/Archives/edgar/data/63908/000006390821000013/0000063908-21-000013-index.htm",
    "finalLink": "https://www.sec.gov/Archives/edgar/data/63908/000006390821000013/mcd-20201231.htm"
  },
  {
    "date": "2019-12-31",
    "symbol": "MCD",
    "reportedCurrency": "USD",
    "cik": "0000063908",
    "fillingDate": "2020-02-26",
    "acceptedDate": "2020-02-26 11:58:02",
    "calendarYear": "2019",
    "period": "FY",
    "revenue": 21364400000,
    "costOfRevenue": 10185000000,
    "grossProfit": 11179400000,
    "grossProfitRatio": 0.5232723596,
    "researchAndDevelopmentExpenses": 0,
    "generalAndAdministrativeExpenses": 0,
    "sellingAndMarketingExpenses": 0,
    "sellingGeneralAndAdministrativeExpenses": 1966900000,
    "otherExpenses": 142700000,
    "operatingExpenses": 2109600000,
    "costAndExpenses": 12294600000,
    "interestIncome": 37000000,
    "interestExpense": 1121900000,
    "depreciationAndAmortization": 1617900000,
    "ebitda": 10757900000,
    "ebitdaratio": 0.5035432776,
    "operatingIncome": 9069800000,
    "operatingIncomeRatio": 0.4245286551,
    "totalOtherIncomeExpensesNet": -1051700000,
    "incomeBeforeTax": 8018100000,
    "incomeBeforeTaxRatio": 0.3753019041,
    "incomeTaxExpense": 1992700000,
    "netIncome": 6025400000,
    "netIncomeRatio": 0.2820299189,
    "eps": 7.95,
    "epsdiluted": 7.88,
    "weightedAverageShsOut": 758100000,
    "weightedAverageShsOutDil": 764900000,
    "link": "https://www.sec.gov/Archives/edgar/data/63908/000006390820000022/0000063908-20-000022-index.htm",
    "finalLink": "https://www.sec.gov/Archives/edgar/data/63908/000006390820000022/mcd-12312019x10k.htm"
  },
  {
    "date": "2018-12-31",
    "symbol": "MCD",
    "reportedCurrency": "USD",
    "cik": "0000063908",
    "fillingDate": "2019-02-22",
    "acceptedDate": "2019-02-22 09:48:25",
    "calendarYear": "2018",
    "period": "FY",
    "revenue": 21257900000,
    "costOfRevenue": 10425300000,
    "grossProfit": 10832600000,
    "grossProfitRatio": 0.5095799679,
    "researchAndDevelopmentExpenses": 0,
    "generalAndAdministrativeExpenses": 0,
    "sellingAndMarketingExpenses": 0,
    "sellingGeneralAndAdministrativeExpenses": 1985400000,
    "otherExpenses": 24600000,
    "operatingExpenses": 2010000000,
    "costAndExpenses": 12435300000,
    "interestIncome": 4000000,
    "interestExpense": 981200000,
    "depreciationAndAmortization": 1482000000,
    "ebitda": 10279300000,
    "ebitdaratio": 0.4835519971,
    "operatingIncome": 8822600000,
    "operatingIncomeRatio": 0.4150268841,
    "totalOtherIncomeExpensesNet": -1006500000,
    "incomeBeforeTax": 7816100000,
    "incomeBeforeTaxRatio": 0.3676797802,
    "incomeTaxExpense": 1891800000,
    "netIncome": 5924300000,
    "netIncomeRatio": 0.2786869823,
    "eps": 7.61,
    "epsdiluted": 7.54,
    "weightedAverageShsOut": 778200000,
    "weightedAverageShsOutDil": 785600000,
    "link": "https://www.sec.gov/Archives/edgar/data/63908/000006390819000010/0000063908-19-000010-index.htm",
    "finalLink": "https://www.sec.gov/Archives/edgar/data/63908/000006390819000010/mcd-12312018x10k.htm"
  },
  {
    "date": "2017-12-31",
    "symbol": "MCD",
    "reportedCurrency": "USD",
    "cik": "0000063908",
    "fillingDate": "2018-02-23",
    "acceptedDate": "2018-02-23 12:45:01",
    "calendarYear": "2017",
    "period": "FY",
    "revenue": 22820400000,
    "costOfRevenue": 12199600000,
    "grossProfit": 10620800000,
    "grossProfitRatio": 0.4654081436,
    "researchAndDevelopmentExpenses": 0,
    "generalAndAdministrativeExpenses": 0,
    "sellingAndMarketingExpenses": 0,
    "sellingGeneralAndAdministrativeExpenses": 2231300000,
    "otherExpenses": -1163200000,
    "operatingExpenses": 1068100000,
    "costAndExpenses": 13267700000,
    "interestIncome": 7000000,
    "interestExpense": 921300000,
    "depreciationAndAmortization": 1363400000,
    "ebitda": 10858200000,
    "ebitdaratio": 0.4758111164,
    "operatingIncome": 9552700000,
    "operatingIncomeRatio": 0.4186035302,
    "totalOtherIncomeExpensesNet": -979200000,
    "incomeBeforeTax": 8573500000,
    "incomeBeforeTaxRatio": 0.375694554,
    "incomeTaxExpense": 3381200000,
    "netIncome": 5192300000,
    "netIncomeRatio": 0.2275288777,
    "eps": 6.43,
    "epsdiluted": 6.37,
    "weightedAverageShsOut": 807400000,
    "weightedAverageShsOutDil": 815500000,
    "link": "https://www.sec.gov/Archives/edgar/data/63908/000006390818000010/0000063908-18-000010-index.htm",
    "finalLink": "https://www.sec.gov/Archives/edgar/data/63908/000006390818000010/mcd-12312017x10k.htm"
  },
  {
    "date": "2016-12-31",
    "symbol": "MCD",
    "reportedCurrency": "USD",
    "cik": "0000063908",
    "fillingDate": "2017-03-01",
    "acceptedDate": "2017-03-01 12:16:56",
    "calendarYear": "2016",
    "period": "FY",
    "revenue": 24621900000,
    "costOfRevenue": 14417200000,
    "grossProfit": 10204700000,
    "grossProfitRatio": 0.4144562361,
    "researchAndDevelopmentExpenses": 0,
    "generalAndAdministrativeExpenses": 0,
    "sellingAndMarketingExpenses": 0,
    "sellingGeneralAndAdministrativeExpenses": 2384500000,
    "otherExpenses": 75700000,
    "operatingExpenses": 2460200000,
    "costAndExpenses": 16877400000,
    "interestIncome": 4000000,
    "interestExpense": 884800000,
    "depreciationAndAmortization": 1516500000,
    "ebitda": 9267300000,
    "ebitdaratio": 0.3763844382,
    "operatingIncome": 7744500000,
    "operatingIncomeRatio": 0.3145370585,
    "totalOtherIncomeExpensesNet": -878500000,
    "incomeBeforeTax": 6866000000,
    "incomeBeforeTaxRatio": 0.2788574399,
    "incomeTaxExpense": 2179500000,
    "netIncome": 4686500000,
    "netIncomeRatio": 0.1903386822,
    "eps": 5.49,
    "epsdiluted": 5.44,
    "weightedAverageShsOut": 854400000,
    "weightedAverageShsOutDil": 861200000,
    "link": "https://www.sec.gov/Archives/edgar/data/63908/000006390817000017/0000063908-17-000017-index.htm",
    "finalLink": "https://www.sec.gov/Archives/edgar/data/63908/000006390817000017/mcd-12312016x10k.htm"
  },
  {
    "date": "2015-12-31",
    "symbol": "MCD",
    "reportedCurrency": "USD",
    "cik": "0000063908",
    "fillingDate": "2016-02-25",
    "acceptedDate": "2016-02-25 15:46:10",
    "calendarYear": "2015",
    "period": "FY",
    "revenue": 25413000000,
    "costOfRevenue": 15623800000,
    "grossProfit": 9789200000,
    "grossProfitRatio": 0.3852044229,
    "researchAndDevelopmentExpenses": 0,
    "generalAndAdministrativeExpenses": 0,
    "sellingAndMarketingExpenses": 0,
    "sellingGeneralAndAdministrativeExpenses": 2434300000,
    "otherExpenses": 209400000,
    "operatingExpenses": 2643700000,
    "costAndExpenses": 18267500000,
    "interestIncome": 9000000,
    "interestExpense": 638300000,
    "depreciationAndAmortization": 1555700000,
    "ebitda": 8749700000,
    "ebitdaratio": 0.3443001613,
    "operatingIncome": 7145500000,
    "operatingIncomeRatio": 0.2811749892,
    "totalOtherIncomeExpensesNet": -589800000,
    "incomeBeforeTax": 6555700000,
    "incomeBeforeTaxRatio": 0.2579663952,
    "incomeTaxExpense": 2026400000,
    "netIncome": 4529300000,
    "netIncomeRatio": 0.1782276787,
    "eps": 4.82,
    "epsdiluted": 4.8,
    "weightedAverageShsOut": 939400000,
    "weightedAverageShsOutDil": 944600000,
    "link": "https://www.sec.gov/Archives/edgar/data/63908/000006390816000103/0000063908-16-000103-index.htm",
    "finalLink": "https://www.sec.gov/Archives/edgar/data/63908/000006390816000103/mcd-12312015x10k.htm"
  }
]