[
  {
    "date": "2024-12-31",
    "symbol": "UL",
    "reportedCurrency": "EUR",
    "cik": "0000217410",
    "fillingDate": "2025-03-13",
    "acceptedDate": "2025-03-13 11:48:56",
    "calendarYear": "2024",
    "period": "Q4",
    "revenue": 29644000000,
    "costOfRevenue": 0,
    "grossProfit": 29644000000,
    "grossProfitRatio": 1,
    "researchAndDevelopmentExpenses": 0,
    "generalAndAdministrativeExpenses": 0,
    "sellingAndMarketingExpenses": 0,
    "sellingGeneralAndAdministrativeExpenses": 36000000,
    "otherExpenses": 26156000000,
    "operatingExpenses": 26192000000,
    "costAndExpenses": 26192000000,
    "interestIncome": 0,
    "interestExpense": 0,
    "depreciationAndAmortization": 963000000,
    "ebitda": 6090000000,
    "ebitdaratio": 0.2054378626,
    "operatingIncome": 3452000000,
    "operatingIncomeRatio": 0.1164485225,
    "totalOtherIncomeExpensesNet": -149000000,
    "incomeBeforeTax": 3303000000,
    "incomeBeforeTaxRatio": 0.1114222102,
    "incomeTaxExpense": 950000000,
    "netIncome": 2043000000,
    "netIncomeRatio": 0.0689178249,
    "eps": 0.82,
    "epsdiluted": 0.82,
    "weightedAverageShsOut": 2494545090,
    "weightedAverageShsOutDil": 2503200000,
    "link": "https://www.sec.gov/Archives/edgar/data/217410/000021741025000015/0000217410-25-000015-index.htm",
    "finalLink": "https://www.sec.gov/Archives/edgar/data/217410/000021741025000015/ul-20241231.htm"
  },
  {
    "date": "2024-06-30",
    "symbol": "UL",
    "reportedCurrency": "EUR",
    "cik": "0000217410",
    "fillingDate": "2024-06-30",
    "acceptedDate": "2024-06-28 20:00:00",
    "calendarYear": "2024",
    "period": "Q2",
    "revenue": 31117000000,
    "costOfRevenue": 0,
    "grossProfit": 31117000000,
    "grossProfitRatio": 1,
    "researchAndDevelopmentExpenses": 0,
    "generalAndAdministrativeExpenses": 0,
    "sellingAndMarketingExpenses": 0,
    "sellingGeneralAndAdministrativeExpenses": 35000000,
    "otherExpenses": 25134000000,
    "operatingExpenses": 25169000000,
    "costAndExpenses": 25169000000,
    "interestIncome": 0,
    "interestExpense": 0,
    "depreciationAndAmortization": 794000000,
    "ebitda": 6917000000,
    "ebitdaratio": 0.2222900665,
    "operatingIncome": 5948000000,
    "operatingIncomeRatio": 0.1911495324,
    "totalOtherIncomeExpensesNet": -382000000,
    "incomeBeforeTax": 5566000000,
    "incomeBeforeTaxRatio": 0.1788732847,
    "incomeTaxExpense": 1550000000,
    "netIncome": 3701000000,
    "netIncomeRatio": 0.118938201,
    "eps": 1.48,
    "epsdiluted": 1.47,
    "weightedAverageShsOut": 2517687074,
    "weightedAverageShsOutDil": 2511000000,
    "link": null,
    "finalLink": null
  },
  {
    "date": "2023-12-31",
    "symbol": "UL",
    "reportedCurrency": "EUR",
    "cik": "0000217410",
    "fillingDate": "2024-03-14",
    "acceptedDate": "2024-03-14 10:22:32",
    "calendarYear": "2023",
    "period": "Q4",
    "revenue": 29176000000,
    "costOfRevenue": 34429000000,
    "grossProfit": -5253000000,
    "grossProfitRatio": -0.1800452427,
    "researchAndDevelopmentExpenses": 949000000,
    "generalAndAdministrativeExpenses": 6638000000,
    "sellingAndMarketingExpenses": 8546000000,
    "sellingGeneralAndAdministrativeExpenses": 15184000000,
    "otherExpenses": -23524338785,
    "operatingExpenses": 9649000000,
    "costAndExpenses": 44078000000,
    "interestIncome": 324000000,
    "interestExpense": 0,
    "depreciationAndAmortization": 236000000,
    "ebitda": 5029000000,
    "ebitdaratio": 0.1723676995,
    "operatingIncome": 4793000000,
    "operatingIncomeRatio": 0.1642788593,
    "totalOtherIncomeExpensesNet": -721000000,
    "incomeBeforeTax": 4072000000,
    "incomeBeforeTaxRatio": 0.1395667672,
    "incomeTaxExpense": 814000000,
    "netIncome": 2939000000,
    "netIncomeRatio": 0.1007334796,
    "eps": 1.16,
    "epsdiluted": 1.16,
    "weightedAverageShsOut": 2534533995,
    "weightedAverageShsOutDil": 2528000000,
    "link": "https://www.sec.gov/Archives/edgar/data/217410/000021741024000017/0000217410-24-000017-index.htm",
    "finalLink": "https://www.sec.gov/Archives/edgar/data/217410/000021741024000017/ul-20231231.htm"
  },
  {
    "date": "2023-06-30",
    "symbol": "UL",
    "reportedCurrency": "EUR",
    "cik": "0000217410",
    "fillingDate": "2023-07-25",
    "acceptedDate": "2023-07-25 06:28:26",
    "calendarYear": "2023",
    "period": "Q2",
    "revenue": 30428000000,
    "costOfRevenue": 0,
    "grossProfit": 30428000000,
    "grossProfitRatio": 1,
    "researchAndDevelopmentExpenses": 0,
    "generalAndAdministrativeExpenses": 0,
    "sellingAndMarketingExpenses": 0,
    "sellingGeneralAndAdministrativeExpenses": 50000000,
    "otherExpenses": -24948287316,
    "operatingExpenses": 24852000000,
    "costAndExpenses": 24852000000,
    "interestIncome": 309000000,
    "interestExpense": 0,
    "depreciationAndAmortization": 753000000,
    "ebitda": 6028000000,
    "ebitdaratio": 0.1981070067,
    "operatingIncome": 5275000000,
    "operatingIncomeRatio": 0.1733600631,
    "totalOtherIncomeExpensesNet": -8000000,
    "incomeBeforeTax": 5267000000,
    "incomeBeforeTaxRatio": 0.1730971474,
    "incomeTaxExpense": 1385000000,
    "netIncome": 3548000000,
    "netIncomeRatio": 0.1166031287,
    "eps": 1.4,
    "epsdiluted": 1.4,
    "weightedAverageShsOut": 2534285714,
    "weightedAverageShsOutDil": 2536800000,
    "link": "https://www.sec.gov/Archives/edgar/data/217410/000165495423009618/0001654954-23-009618-index.htm",
    "finalLink": "https://www.sec.gov/Archives/edgar/data/217410/000165495423009618/0001654954-23-009618.txt"
  },
  {
    "date": "2022-12-31",
    "symbol": "UL",
    "reportedCurrency": "EUR",
    "cik": "0000217410",
    "fillingDate": "2023-03-13",
    "acceptedDate": "2023-03-13 13:59:39",
    "calendarYear": "2022",
    "period": "Q4",
    "revenue": 30450000000,
    "costOfRevenue": 35906000000,
    "grossProfit": -5456000000,
    "grossProfitRatio": -0.1791789819,
    "researchAndDevelopmentExpenses": 908000000,
    "generalAndAdministrativeExpenses": 6641000000,
    "sellingAndMarketingExpenses": 7821000000,
    "sellingGeneralAndAdministrativeExpenses": 14462000000,
    "otherExpenses": -24090269891,
    "operatingExpenses": 11696000000,
    "costAndExpenses": 47602000000,
    "interestIncome": 262000000,
    "interestExpense": 0,
    "depreciationAndAmortization": 227000000,
    "ebitda": 4797000000,
    "ebitdaratio": 0.1575369458,
    "operatingIncome": 4570000000,
    "operatingIncomeRatio": 0.1500821018,
    "totalOtherIncomeExpensesNet": 1408000000,
    "incomeBeforeTax": 5978000000,
    "incomeBeforeTaxRatio": 0.1963218391,
    "incomeTaxExpense": 925000000,
    "netIncome": 4737000000,
    "netIncomeRatio": 0.1555665025,
    "eps": 1.86,
    "epsdiluted": 1.86,
    "weightedAverageShsOut": 2544272325,
    "weightedAverageShsOutDil": 2553400000,
    "link": "https://www.sec.gov/Archives/edgar/data/217410/000021741023000016/0000217410-23-000016-index.htm",
    "finalLink": "https://www.sec.gov/Archives/edgar/data/217410/000021741023000016/ul-20221231.htm"
  },
  {
    "date": "2022-06-30",
    "symbol": "UL",
    "reportedCurrency": "EUR",
    "cik": "0000217410",
    "fillingDate": "2022-06-30",
    "acceptedDate": "2022-06-29 20:00:00",
    "calendarYear": "2022",
    "period": "Q2",
    "revenue": 29623000000,
    "costOfRevenue": 0,
    "grossProfit": 29623000000,
    "grossProfitRatio": 1,
    "researchAndDevelopmentExpenses": 0,
    "generalAndAdministrativeExpenses": 0,
    "sellingAndMarketingExpenses": 0,
    "sellingGeneralAndAdministrativeExpenses": 22000000,
    "otherExpenses": 0,
    "operatingExpenses": 25042000000,
    "costAndExpenses": 25042000000,
    "interestIncome": 222000000,
    "interestExpense": 0,
    "depreciationAndAmortization": 842000000,
    "ebitda": 5908000000,
    "ebitdaratio": 0.1994396246,
    "operatingIncome": 5066000000,
    "operatingIncomeRatio": 0.1710157648,
    "totalOtherIncomeExpensesNet": -707000000,
    "incomeBeforeTax": 4359000000,
    "incomeBeforeTaxRatio": 0.1471491746,
    "incomeTaxExpense": 1143000000,
    "netIncome": 2905000000,
    "netIncomeRatio": 0.0980656922,
    "eps": 1.14,
    "epsdiluted": 1.13,
    "weightedAverageShsOut": 2570796460,
    "weightedAverageShsOutDil": 2566200000,
    "link": null,
    "finalLink": null
  },
  {
    "date": "2021-12-31",
    "symbol": "UL",
    "reportedCurrency": "EUR",
    "cik": "0000217410",
    "fillingDate": "2022-03-09",
    "acceptedDate": "2022-03-09 10:56:19",
    "calendarYear": "2021",
    "period": "Q4",
    "revenue": 26653000000,
    "costOfRevenue": 30259000000,
    "grossProfit": -3606000000,
    "grossProfitRatio": -0.1352943383,
    "researchAndDevelopmentExpenses": 847000000,
    "generalAndAdministrativeExpenses": 0,
    "sellingAndMarketingExpenses": 6873000000,
    "sellingGeneralAndAdministrativeExpenses": 11707000000,
    "otherExpenses": 0,
    "operatingExpenses": 7930000000,
    "costAndExpenses": 38189000000,
    "interestIncome": 137000000,
    "interestExpense": 0,
    "depreciationAndAmortization": 251000000,
    "ebitda": 5039000000,
    "ebitdaratio": 0.1890593929,
    "operatingIncome": 4788000000,
    "operatingIncomeRatio": 0.1796420666,
    "totalOtherIncomeExpensesNet": -601000000,
    "incomeBeforeTax": 4187000000,
    "incomeBeforeTaxRatio": 0.1570930102,
    "incomeTaxExpense": 963000000,
    "netIncome": 2928000000,
    "netIncomeRatio": 0.1098563014,
    "eps": 1.13,
    "epsdiluted": 1.13,
    "weightedAverageShsOut": 2592086346,
    "weightedAverageShsOutDil": 2592000000,
    "link": "https://www.sec.gov/Archives/edgar/data/217410/000021741022000009/0000217410-22-000009-index.htm",
    "finalLink": "https://www.sec.gov/Archives/edgar/data/217410/000021741022000009/ul-20211231.htm"
  },
  {
    "date": "2021-06-30",
    "symbol": "UL",
    "reportedCurrency": "EUR",
    "cik": "0000217410",
    "fillingDate": "2021-07-22",
    "acceptedDate": "2021-07-22 09:32:51",
    "calendarYear": "2021",
    "period": "Q2",
    "revenue": 25791000000,
    "costOfRevenue": 0,
    "grossProfit": 25791000000,
    "grossProfitRatio": 1,
    "researchAndDevelopmentExpenses": 0,
    "generalAndAdministrativeExpenses": 0,
    "sellingAndMarketingExpenses": 0,
    "sellingGeneralAndAdministrativeExpenses": 5000000,
    "otherExpenses": 0,
    "operatingExpenses": 21308000000,
    "costAndExpenses": 21308000000,
    "interestIncome": 114000000,
    "interestExpense": 0,
    "depreciationAndAmortization": 860000000,
    "ebitda": 5709000000,
    "ebitdaratio": 0.2213562871,
    "operatingIncome": 4849000000,
    "operatingIncomeRatio": 0.1880113218,
    "totalOtherIncomeExpensesNet": -480000000,
    "incomeBeforeTax": 4369000000,
    "incomeBeforeTaxRatio": 0.1694001784,
    "incomeTaxExpense": 972000000,
    "netIncome": 3121000000,
    "netIncomeRatio": 0.1210112055,
    "eps": 1.19,
    "epsdiluted": 1.19,
    "weightedAverageShsOut": 2622689075,
    "weightedAverageShsOutDil": 2627200000,
    "link": "https://www.sec.gov/Archives/edgar/data/217410/000165495421008117/0001654954-21-008117-index.htm",
    "finalLink": "https://www.sec.gov/Archives/edgar/data/217410/000165495421008117/0001654954-21-008117.txt"
  },
  {
    "date": "2020-12-31",
    "symbol": "UL",
    "reportedCurrency": "EUR",
    "cik": "0000217410",
    "fillingDate": "2021-03-10",
    "acceptedDate": "2021-03-10 10:37:04",
    "calendarYear": "2020",
    "period": "Q4",
    "revenue": 25010000000,
    "costOfRevenue": 28684000000,
    "grossProfit": -3674000000,
    "grossProfitRatio": -0.1469012395,
    "researchAndDevelopmentExpenses": 800000000,
    "generalAndAdministrativeExpenses": 0,
    "sellingAndMarketingExpenses": 7091000000,
    "sellingGeneralAndAdministrativeExpenses": 11872000000,
    "otherExpenses": 0,
    "operatingExpenses": 7345000000,
    "costAndExpenses": 36029000000,
    "interestIncome": 208000000,
    "interestExpense": 0,
    "depreciationAndAmortization": 295000000,
    "ebitda": 4579000000,
    "ebitdaratio": 0.1830867653,
    "operatingIncome": 4284000000,
    "operatingIncomeRatio": 0.1712914834,
    "totalOtherIncomeExpensesNet": -821000000,
    "incomeBeforeTax": 3463000000,
    "incomeBeforeTaxRatio": 0.1384646142,
    "incomeTaxExpense": 932000000,
    "netIncome": 2297000000,
    "netIncomeRatio": 0.0918432627,
    "eps": 0.88,
    "epsdiluted": 0.87,
    "weightedAverageShsOut": 2639092345,
    "weightedAverageShsOutDil": 2632400000,
    "link": "https://www.sec.gov/Archives/edgar/data/217410/000119312521075770/0001193125-21-075770-index.htm",
    "finalLink": "https://www.sec.gov/Archives/edgar/data/217410/000119312521075770/d14846d20f.htm"
  },
  {
    "date": "2020-06-30",
    "symbol": "UL",
    "reportedCurrency": "EUR",
    "cik": "0000217410",
    "fillingDate": "2020-07-23",
    "acceptedDate": "2020-07-23 08:26:42",
    "calendarYear": "2020",
    "period": "Q2",
    "revenue": 25714000000,
    "costOfRevenue": 0,
    "grossProfit": 25714000000,
    "grossProfitRatio": 1,
    "researchAndDevelopmentExpenses": 0,
    "generalAndAdministrativeExpenses": 0,
    "sellingAndMarketingExpenses": 0,
    "sellingGeneralAndAdministrativeExpenses": 10000000,
    "otherExpenses": 0,
    "operatingExpenses": 20942000000,
    "costAndExpenses": 20942000000,
    "interestIncome": 239000000,
    "interestExpense": 0,
    "depreciationAndAmortization": 987000000,
    "ebitda": 6061000000,
    "ebitdaratio": 0.2357081745,
    "operatingIncome": 5074000000,
    "operatingIncomeRatio": 0.1973244147,
    "totalOtherIncomeExpensesNet": -541000000,
    "incomeBeforeTax": 4533000000,
    "incomeBeforeTaxRatio": 0.1762852921,
    "incomeTaxExpense": 991000000,
    "netIncome": 3284000000,
    "netIncomeRatio": 0.1277125301,
    "eps": 1.25,
    "epsdiluted": 1.25,
    "weightedAverageShsOut": 2627200000,
    "weightedAverageShsOutDil": 2627200000,
    "link": "https://www.sec.gov/Archives/edgar/data/217410/000165495420007931/0001654954-20-007931-index.htm",
    "finalLink": "https://www.sec.gov/Archives/edgar/data/217410/000165495420007931/0001654954-20-007931.txt"
  },
  {
    "date": "2019-12-31",
    "symbol": "UL",
    "reportedCurrency": "EUR",
    "cik": "0000217410",
    "fillingDate": "2020-03-09",
    "acceptedDate": "2020-03-09 17:25:19",
    "calendarYear": "2019",
    "period": "Q4",
    "revenue": 25854000000,
    "costOfRevenue": 29102000000,
    "grossProfit": -3248000000,
    "grossProfitRatio": -0.1256285294,
    "researchAndDevelopmentExpenses": 840000000,
    "generalAndAdministrativeExpenses": 0,
    "sellingAndMarketingExpenses": 7272000000,
    "sellingGeneralAndAdministrativeExpenses": 12104000000,
    "otherExpenses": 0,
    "operatingExpenses": 7384000000,
    "costAndExpenses": 36486000000,
    "interestIncome": 201000000,
    "interestExpense": 0,
    "depreciationAndAmortization": 247000000,
    "ebitda": 5127000000,
    "ebitdaratio": 0.1983058714,
    "operatingIncome": 4880000000,
    "operatingIncomeRatio": 0.188752224,
    "totalOtherIncomeExpensesNet": -945000000,
    "incomeBeforeTax": 3935000000,
    "incomeBeforeTaxRatio": 0.15220082,
    "incomeTaxExpense": 1118000000,
    "netIncome": 2619000000,
    "netIncomeRatio": 0.1012996055,
    "eps": 1,
    "epsdiluted": 1,
    "weightedAverageShsOut": 2618848106,
    "weightedAverageShsOutDil": 2627800000,
    "link": "https://www.sec.gov/Archives/edgar/data/217410/000119312520067343/0001193125-20-067343-index.htm",
    "finalLink": "https://www.sec.gov/Archives/edgar/data/217410/000119312520067343/d836658d20f.htm"
  },
  {
    "date": "2019-06-30",
    "symbol": "UL",
    "reportedCurrency": "EUR",
    "cik": "0000217410",
    "fillingDate": "2019-07-25",
    "acceptedDate": "2019-07-25 06:23:27",
    "calendarYear": "2019",
    "period": "Q2",
    "revenue": 26126000000,
    "costOfRevenue": 0,
    "grossProfit": 26126000000,
    "grossProfitRatio": 1,
    "researchAndDevelopmentExpenses": 0,
    "generalAndAdministrativeExpenses": 0,
    "sellingAndMarketingExpenses": 0,
    "sellingGeneralAndAdministrativeExpenses": 17000000,
    "otherExpenses": 0,
    "operatingExpenses": 21440000000,
    "costAndExpenses": 21440000000,
    "interestIncome": 332000000,
    "interestExpense": 0,
    "depreciationAndAmortization": 965000000,
    "ebitda": 6002000000,
    "ebitdaratio": 0.2297328332,
    "operatingIncome": 5037000000,
    "operatingIncomeRatio": 0.192796448,
    "totalOtherIncomeExpensesNet": -683000000,
    "incomeBeforeTax": 4354000000,
    "incomeBeforeTaxRatio": 0.166653908,
    "incomeTaxExpense": 1145000000,
    "netIncome": 3006000000,
    "netIncomeRatio": 0.1150577968,
    "eps": 1.15,
    "epsdiluted": 1.14,
    "weightedAverageShsOut": 2636842105,
    "weightedAverageShsOutDil": 2625600000,
    "link": "https://www.sec.gov/Archives/edgar/data/217410/000165495419008482/0001654954-19-008482-index.htm",
    "finalLink": "https://www.sec.gov/Archives/edgar/data/217410/000165495419008482/0001654954-19-008482.txt"
  },
  {
    "date": "2018-12-31",
    "symbol": "UL",
    "reportedCurrency": "EUR",
    "cik": "0000217410",
    "fillingDate": "2019-03-11",
    "acceptedDate": "2019-03-11 12:10:05",
    "calendarYear": "2018",
    "period": "Q4",
    "revenue": 24630000000,
    "costOfRevenue": 28703000000,
    "grossProfit": -4073000000,
    "grossProfitRatio": -0.1653674381,
    "researchAndDevelopmentExpenses": 900000000,
    "generalAndAdministrativeExpenses": 0,
    "sellingAndMarketingExpenses": 7150000000,
    "sellingGeneralAndAdministrativeExpenses": 11811000000,
    "otherExpenses": 0,
    "operatingExpenses": 12433000000,
    "costAndExpenses": 41136000000,
    "interestIncome": 329000000,
    "interestExpense": 0,
    "depreciationAndAmortization": 229000000,
    "ebitda": 4715000000,
    "ebitdaratio": 0.1914332115,
    "operatingIncome": 4486000000,
    "operatingIncomeRatio": 0.182135607,
    "totalOtherIncomeExpensesNet": 3545000000,
    "incomeBeforeTax": 8031000000,
    "incomeBeforeTaxRatio": 0.3260657734,
    "incomeTaxExpense": 1472000000,
    "netIncome": 6338000000,
    "netIncomeRatio": 0.2573284612,
    "eps": 2.4,
    "epsdiluted": 2.39,
    "weightedAverageShsOut": 2651672042,
    "weightedAverageShsOutDil": 2652300000,
    "link": "https://www.sec.gov/Archives/edgar/data/217410/000119312519070426/0001193125-19-070426-index.htm",
    "finalLink": "https://www.sec.gov/Archives/edgar/data/217410/000119312519070426/d641532d20f.htm"
  },
  {
    "date": "2018-06-30",
    "symbol": "UL",
    "reportedCurrency": "EUR",
    "cik": "0000217410",
    "fillingDate": "2018-07-19",
    "acceptedDate": "2018-07-19 11:00:57",
    "calendarYear": "2018",
    "period": "Q2",
    "revenue": 26352000000,
    "costOfRevenue": 0,
    "grossProfit": 26352000000,
    "grossProfitRatio": 1,
    "researchAndDevelopmentExpenses": 0,
    "generalAndAdministrativeExpenses": 0,
    "sellingAndMarketingExpenses": 0,
    "sellingGeneralAndAdministrativeExpenses": 130000000,
    "otherExpenses": 0,
    "operatingExpenses": 21755000000,
    "costAndExpenses": 21755000000,
    "interestIncome": 268000000,
    "interestExpense": 0,
    "depreciationAndAmortization": 1009000000,
    "ebitda": 5961000000,
    "ebitdaratio": 0.2262067395,
    "operatingIncome": 4952000000,
    "operatingIncomeRatio": 0.1879174256,
    "totalOtherIncomeExpensesNet": -623000000,
    "incomeBeforeTax": 4329000000,
    "incomeBeforeTaxRatio": 0.1642759563,
    "incomeTaxExpense": 1100000000,
    "netIncome": 3031000000,
    "netIncomeRatio": 0.1150197328,
    "eps": 1.11,
    "epsdiluted": 1.11,
    "weightedAverageShsOut": 2730630630,
    "weightedAverageShsOutDil": 2737300000,
    "link": "https://www.sec.gov/Archives/edgar/data/217410/000165495418007836/0001654954-18-007836-index.htm",
    "finalLink": "https://www.sec.gov/Archives/edgar/data/217410/000165495418007836/0001654954-18-007836.txt"
  },
  {
    "date": "2017-12-31",
    "symbol": "UL",
    "reportedCurrency": "EUR",
    "cik": "0000217410",
    "fillingDate": "2018-02-28",
    "acceptedDate": "2018-02-28 09:29:11",
    "calendarYear": "2017",
    "period": "Q4",
    "revenue": 25990000000,
    "costOfRevenue": 30547000000,
    "grossProfit": -4557000000,
    "grossProfitRatio": -0.1753366679,
    "researchAndDevelopmentExpenses": 900000000,
    "generalAndAdministrativeExpenses": 0,
    "sellingAndMarketingExpenses": 7566000000,
    "sellingGeneralAndAdministrativeExpenses": 13300000000,
    "otherExpenses": 0,
    "operatingExpenses": 8270000000,
    "costAndExpenses": 38817000000,
    "interestIncome": 192000000,
    "interestExpense": 0,
    "depreciationAndAmortization": 451000000,
    "ebitda": 4335000000,
    "ebitdaratio": 0.1667949211,
    "operatingIncome": 3884000000,
    "operatingIncomeRatio": 0.1494420931,
    "totalOtherIncomeExpensesNet": -363000000,
    "incomeBeforeTax": 3521000000,
    "incomeBeforeTaxRatio": 0.1354751828,
    "incomeTaxExpense": 352000000,
    "netIncome": 2943000000,
    "netIncomeRatio": 0.1132358599,
    "eps": 1.06,
    "epsdiluted": 1.06,
    "weightedAverageShsOut": 2777311170,
    "weightedAverageShsOutDil": 2782300000,
    "link": "https://www.sec.gov/Archives/edgar/data/217410/000119312518062395/0001193125-18-062395-index.htm",
    "finalLink": "https://www.sec.gov/Archives/edgar/data/217410/000119312518062395/d458042d20f.htm"
  },
  {
    "date": "2017-06-30",
    "symbol": "UL",
    "reportedCurrency": "EUR",
    "cik": "0000217410",
    "fillingDate": "2017-07-20",
    "acceptedDate": "2017-07-20 11:57:55",
    "calendarYear": "2017",
    "period": "Q2",
    "revenue": 27725000000,
    "costOfRevenue": 0,
    "grossProfit": 27725000000,
    "grossProfitRatio": 1,
    "researchAndDevelopmentExpenses": 0,
    "generalAndAdministrativeExpenses": 0,
    "sellingAndMarketingExpenses": 0,
    "sellingGeneralAndAdministrativeExpenses": 207000000,
    "otherExpenses": 0,
    "operatingExpenses": 22852000000,
    "costAndExpenses": 22852000000,
    "interestIncome": 241000000,
    "interestExpense": 0,
    "depreciationAndAmortization": 763000000,
    "ebitda": 5640000000,
    "ebitdaratio": 0.2034265104,
    "operatingIncome": 4877000000,
    "operatingIncomeRatio": 0.1759062218,
    "totalOtherIncomeExpensesNet": -245000000,
    "incomeBeforeTax": 4632000000,
    "incomeBeforeTaxRatio": 0.1670694319,
    "incomeTaxExpense": 1315000000,
    "netIncome": 3110000000,
    "netIncomeRatio": 0.1121731289,
    "eps": 1.1,
    "epsdiluted": 1.09,
    "weightedAverageShsOut": 2853211009,
    "weightedAverageShsOutDil": 2845700000,
    "link": "https://www.sec.gov/Archives/edgar/data/217410/000165495417006556/0001654954-17-006556-index.htm",
    "finalLink": "https://www.sec.gov/Archives/edgar/data/217410/000165495417006556/0001654954-17-006556.txt"
  },
  {
    "date": "2016-12-31",
    "symbol": "UL",
    "reportedCurrency": "EUR",
    "cik": "0000217410",
    "fillingDate": "2017-02-28",
    "acceptedDate": "2017-02-28 09:03:48",
    "calendarYear": "2016",
    "period": "Q4",
    "revenue": 26430000000,
    "costOfRevenue": 30229000000,
    "grossProfit": -3799000000,
    "grossProfitRatio": -0.1437381763,
    "researchAndDevelopmentExpenses": 978000000,
    "generalAndAdministrativeExpenses": 0,
    "sellingAndMarketingExpenses": 7731000000,
    "sellingGeneralAndAdministrativeExpenses": 13647000000,
    "otherExpenses": 0,
    "operatingExpenses": 7807000000,
    "costAndExpenses": 38036000000,
    "interestIncome": 177000000,
    "interestExpense": 0,
    "depreciationAndAmortization": 492000000,
    "ebitda": 4039000000,
    "ebitdaratio": 0.1528187666,
    "operatingIncome": 3547000000,
    "operatingIncomeRatio": 0.1342035566,
    "totalOtherIncomeExpensesNet": 284000000,
    "incomeBeforeTax": 3831000000,
    "incomeBeforeTaxRatio": 0.1449489217,
    "incomeTaxExpense": 994000000,
    "netIncome": 2672000000,
    "netIncomeRatio": 0.101097238,
    "eps": 0.94,
    "epsdiluted": 0.94,
    "weightedAverageShsOut": 2842580407,
    "weightedAverageShsOutDil": 2854300000,
    "link": "https://www.sec.gov/Archives/edgar/data/217410/000119312517060492/0001193125-17-060492-index.htm",
    "finalLink": "https://www.sec.gov/Archives/edgar/data/217410/000119312517060492/d305877d20f.htm"
  },
  {
    "date": "2016-06-30",
    "symbol": "UL",
    "reportedCurrency": "EUR",
    "cik": "0000217410",
    "fillingDate": "2016-07-25",
    "acceptedDate": "2016-07-25 07:44:12",
    "calendarYear": "2016",
    "period": "Q2",
    "revenue": 26283000000,
    "costOfRevenue": 0,
    "grossProfit": 26283000000,
    "grossProfitRatio": 1,
    "researchAndDevelopmentExpenses": 0,
    "generalAndAdministrativeExpenses": 0,
    "sellingAndMarketingExpenses": 0,
    "sellingGeneralAndAdministrativeExpenses": 152000000,
    "otherExpenses": 0,
    "operatingExpenses": 22469000000,
    "costAndExpenses": 22469000000,
    "interestIncome": 176000000,
    "interestExpense": 0,
    "depreciationAndAmortization": 681000000,
    "ebitda": 4841000000,
    "ebitdaratio": 0.1841874976,
    "operatingIncome": 4160000000,
    "operatingIncomeRatio": 0.1582772134,
    "totalOtherIncomeExpensesNet": -522000000,
    "incomeBeforeTax": 3638000000,
    "incomeBeforeTaxRatio": 0.1384164669,
    "incomeTaxExpense": 928000000,
    "netIncome": 2512000000,
    "netIncomeRatio": 0.0955750866,
    "eps": 0.88,
    "epsdiluted": 0.88,
    "weightedAverageShsOut": 2854545454,
    "weightedAverageShsOutDil": 2853500000,
    "link": "https://www.sec.gov/Archives/edgar/data/217410/000119163816002271/0001191638-16-002271-index.htm",
    "finalLink": "https://www.sec.gov/Archives/edgar/data/217410/000119163816002271/0001191638-16-002271.txt"
  },
  {
    "date": "2015-12-31",
    "symbol": "UL",
    "reportedCurrency": "EUR",
    "cik": "0000217410",
    "fillingDate": "2016-02-23",
    "acceptedDate": "2016-02-23 10:45:04",
    "calendarYear": "2015",
    "period": "Q4",
    "revenue": 26281000000,
    "costOfRevenue": 30808000000,
    "grossProfit": -4527000000,
    "grossProfitRatio": -0.1722537194,
    "researchAndDevelopmentExpenses": 1005000000,
    "generalAndAdministrativeExpenses": 0,
    "sellingAndMarketingExpenses": 8003000000,
    "sellingGeneralAndAdministrativeExpenses": 13921000000,
    "otherExpenses": 0,
    "operatingExpenses": 8273000000,
    "costAndExpenses": 39081000000,
    "interestIncome": 134000000,
    "interestExpense": 0,
    "depreciationAndAmortization": 439000000,
    "ebitda": 3991000000,
    "ebitdaratio": 0.1518587573,
    "operatingIncome": 3552000000,
    "operatingIncomeRatio": 0.1351546745,
    "totalOtherIncomeExpensesNet": 60000000,
    "incomeBeforeTax": 3612000000,
    "incomeBeforeTaxRatio": 0.1374376926,
    "incomeTaxExpense": 1011000000,
    "netIncome": 2420000000,
    "netIncomeRatio": 0.092081732,
    "eps": 0.85,
    "epsdiluted": 0.85,
    "weightedAverageShsOut": 2847048775,
    "weightedAverageShsOutDil": 2855900000,
    "link": "https://www.sec.gov/Archives/edgar/data/217410/000119312516472832/0001193125-16-472832-index.htm",
    "finalLink": "https://www.sec.gov/Archives/edgar/data/217410/000119312516472832/d61872d20f.htm"
  },
  {
    "date": "2015-06-30",
    "symbol": "UL",
    "reportedCurrency": "EUR",
    "cik": "0000217410",
    "fillingDate": "2015-07-23",
    "acceptedDate": "2015-07-23 11:14:24",
    "calendarYear": "2015",
    "period": "Q2",
    "revenue": 26991000000,
    "costOfRevenue": 0,
    "grossProfit": 26991000000,
    "grossProfitRatio": 1,
    "researchAndDevelopmentExpenses": 0,
    "generalAndAdministrativeExpenses": 0,
    "sellingAndMarketingExpenses": 0,
    "sellingGeneralAndAdministrativeExpenses": 144000000,
    "otherExpenses": 0,
    "operatingExpenses": 23200000000,
    "costAndExpenses": 23200000000,
    "interestIncome": 183000000,
    "interestExpense": 0,
    "depreciationAndAmortization": 666000000,
    "ebitda": 4508000000,
    "ebitdaratio": 0.1670186358,
    "operatingIncome": 3842000000,
    "operatingIncomeRatio": 0.1423437442,
    "totalOtherIncomeExpensesNet": -234000000,
    "incomeBeforeTax": 3608000000,
    "incomeBeforeTaxRatio": 0.1336741877,
    "incomeTaxExpense": 950000000,
    "netIncome": 2489000000,
    "netIncomeRatio": 0.0922159238,
    "eps": 0.88,
    "epsdiluted": 0.87,
    "weightedAverageShsOut": 2860919540,
    "weightedAverageShsOutDil": 2854900000,
    "link": "https://www.sec.gov/Archives/edgar/data/217410/000119163815000933/0001191638-15-000933-index.htm",
    "finalLink": "https://www.sec.gov/Archives/edgar/data/217410/000119163815000933/0001191638-15-000933.txt"
  }
]