[
  {
    "date": "2024-12-31",
    "symbol": "UL",
    "reportedCurrency": "EUR",
    "cik": "0000217410",
    "fillingDate": "2025-03-13",
    "acceptedDate": "2025-03-13 11:48:56",
    "calendarYear": "2024",
    "period": "FY",
    "revenue": 60761000000,
    "costOfRevenue": 0,
    "grossProfit": 60761000000,
    "grossProfitRatio": 1,
    "researchAndDevelopmentExpenses": 0,
    "generalAndAdministrativeExpenses": 0,
    "sellingAndMarketingExpenses": 0,
    "sellingGeneralAndAdministrativeExpenses": 71000000,
    "otherExpenses": 51290000000,
    "operatingExpenses": 51361000000,
    "costAndExpenses": 51361000000,
    "interestIncome": 0,
    "interestExpense": 0,
    "depreciationAndAmortization": 1757000000,
    "ebitda": 13007000000,
    "ebitdaratio": 0.2140682346,
    "operatingIncome": 9400000000,
    "operatingIncomeRatio": 0.154704498,
    "totalOtherIncomeExpensesNet": -531000000,
    "incomeBeforeTax": 8869000000,
    "incomeBeforeTaxRatio": 0.1459653396,
    "incomeTaxExpense": 2500000000,
    "netIncome": 5744000000,
    "netIncomeRatio": 0.094534323,
    "eps": 2.3,
    "epsdiluted": 2.29,
    "weightedAverageShsOut": 2508296943,
    "weightedAverageShsOutDil": 2507100000,
    "link": "https://www.sec.gov/Archives/edgar/data/217410/000021741025000015/0000217410-25-000015-index.htm",
    "finalLink": "https://www.sec.gov/Archives/edgar/data/217410/000021741025000015/ul-20241231.htm"
  },
  {
    "date": "2023-12-31",
    "symbol": "UL",
    "reportedCurrency": "EUR",
    "cik": "0000217410",
    "fillingDate": "2024-03-14",
    "acceptedDate": "2024-03-14 10:22:32",
    "calendarYear": "2023",
    "period": "FY",
    "revenue": 59604000000,
    "costOfRevenue": 34429000000,
    "grossProfit": 25175000000,
    "grossProfitRatio": 0.4223709818,
    "researchAndDevelopmentExpenses": 949000000,
    "generalAndAdministrativeExpenses": 5749000000,
    "sellingAndMarketingExpenses": 8546000000,
    "sellingGeneralAndAdministrativeExpenses": 14295000000,
    "otherExpenses": 173000000,
    "operatingExpenses": 15417000000,
    "costAndExpenses": 49846000000,
    "interestIncome": 442000000,
    "interestExpense": 1075000000,
    "depreciationAndAmortization": 1578000000,
    "ebitda": 11992000000,
    "ebitdaratio": 0.2011945507,
    "operatingIncome": 10068000000,
    "operatingIncomeRatio": 0.1689148379,
    "totalOtherIncomeExpensesNet": -729000000,
    "incomeBeforeTax": 9339000000,
    "incomeBeforeTaxRatio": 0.1566841152,
    "incomeTaxExpense": 2199000000,
    "netIncome": 6487000000,
    "netIncomeRatio": 0.1088349775,
    "eps": 2.56,
    "epsdiluted": 2.56,
    "weightedAverageShsOut": 2533984375,
    "weightedAverageShsOutDil": 2532400000,
    "link": "https://www.sec.gov/Archives/edgar/data/217410/000021741024000017/0000217410-24-000017-index.htm",
    "finalLink": "https://www.sec.gov/Archives/edgar/data/217410/000021741024000017/ul-20231231.htm"
  },
  {
    "date": "2022-12-31",
    "symbol": "UL",
    "reportedCurrency": "EUR",
    "cik": "0000217410",
    "fillingDate": "2023-03-13",
    "acceptedDate": "2023-03-13 13:59:39",
    "calendarYear": "2022",
    "period": "FY",
    "revenue": 60073000000,
    "costOfRevenue": 35906000000,
    "grossProfit": 24167000000,
    "grossProfitRatio": 0.4022938758,
    "researchAndDevelopmentExpenses": 908000000,
    "generalAndAdministrativeExpenses": 5755000000,
    "sellingAndMarketingExpenses": 7821000000,
    "sellingGeneralAndAdministrativeExpenses": 14440000000,
    "otherExpenses": 0,
    "operatingExpenses": 13346000000,
    "costAndExpenses": 49252000000,
    "interestIncome": 484000000,
    "interestExpense": 789000000,
    "depreciationAndAmortization": 1069000000,
    "ebitda": 10705000000,
    "ebitdaratio": 0.1781998568,
    "operatingIncome": 9636000000,
    "operatingIncomeRatio": 0.1604048408,
    "totalOtherIncomeExpensesNet": -418000000,
    "incomeBeforeTax": 10337000000,
    "incomeBeforeTaxRatio": 0.1720739767,
    "incomeTaxExpense": 2068000000,
    "netIncome": 7642000000,
    "netIncomeRatio": 0.1272118922,
    "eps": 3,
    "epsdiluted": 2.99,
    "weightedAverageShsOut": 2555852842,
    "weightedAverageShsOutDil": 2559800000,
    "link": "https://www.sec.gov/Archives/edgar/data/217410/000021741023000016/0000217410-23-000016-index.htm",
    "finalLink": "https://www.sec.gov/Archives/edgar/data/217410/000021741023000016/ul-20221231.htm"
  },
  {
    "date": "2021-12-31",
    "symbol": "UL",
    "reportedCurrency": "EUR",
    "cik": "0000217410",
    "fillingDate": "2022-03-09",
    "acceptedDate": "2022-03-09 10:56:19",
    "calendarYear": "2021",
    "period": "FY",
    "revenue": 52444000000,
    "costOfRevenue": 30259000000,
    "grossProfit": 22185000000,
    "grossProfitRatio": 0.4230226527,
    "researchAndDevelopmentExpenses": 847000000,
    "generalAndAdministrativeExpenses": 4829000000,
    "sellingAndMarketingExpenses": 6873000000,
    "sellingGeneralAndAdministrativeExpenses": 12559000000,
    "otherExpenses": 0,
    "operatingExpenses": 13369000000,
    "costAndExpenses": 43628000000,
    "interestIncome": 260000000,
    "interestExpense": 498000000,
    "depreciationAndAmortization": 1746000000,
    "ebitda": 10817000000,
    "ebitdaratio": 0.2062581039,
    "operatingIncome": 9637000000,
    "operatingIncomeRatio": 0.1837579132,
    "totalOtherIncomeExpensesNet": -1081000000,
    "incomeBeforeTax": 8556000000,
    "incomeBeforeTaxRatio": 0.1631454504,
    "incomeTaxExpense": 1935000000,
    "netIncome": 6049000000,
    "netIncomeRatio": 0.1153420792,
    "eps": 2.33,
    "epsdiluted": 2.32,
    "weightedAverageShsOut": 2607327586,
    "weightedAverageShsOutDil": 2609600000,
    "link": "https://www.sec.gov/Archives/edgar/data/217410/000021741022000009/0000217410-22-000009-index.htm",
    "finalLink": "https://www.sec.gov/Archives/edgar/data/217410/000021741022000009/ul-20211231.htm"
  },
  {
    "date": "2020-12-31",
    "symbol": "UL",
    "reportedCurrency": "EUR",
    "cik": "0000217410",
    "fillingDate": "2021-03-10",
    "acceptedDate": "2021-03-10 10:37:04",
    "calendarYear": "2020",
    "period": "FY",
    "revenue": 50724000000,
    "costOfRevenue": 28684000000,
    "grossProfit": 22040000000,
    "grossProfitRatio": 0.4345083195,
    "researchAndDevelopmentExpenses": 800000000,
    "generalAndAdministrativeExpenses": 4782000000,
    "sellingAndMarketingExpenses": 7091000000,
    "sellingGeneralAndAdministrativeExpenses": 11882000000,
    "otherExpenses": 0,
    "operatingExpenses": 13576000000,
    "costAndExpenses": 42260000000,
    "interestIncome": 468000000,
    "interestExpense": 703000000,
    "depreciationAndAmortization": 2018000000,
    "ebitda": 10717000000,
    "ebitdaratio": 0.2112806561,
    "operatingIncome": 9358000000,
    "operatingIncomeRatio": 0.184488605,
    "totalOtherIncomeExpensesNet": -1362000000,
    "incomeBeforeTax": 7996000000,
    "incomeBeforeTaxRatio": 0.1576374103,
    "incomeTaxExpense": 1923000000,
    "netIncome": 5581000000,
    "netIncomeRatio": 0.1100268118,
    "eps": 2.13,
    "epsdiluted": 2.12,
    "weightedAverageShsOut": 2632547169,
    "weightedAverageShsOutDil": 2629800000,
    "link": "https://www.sec.gov/Archives/edgar/data/217410/000119312521075770/0001193125-21-075770-index.htm",
    "finalLink": "https://www.sec.gov/Archives/edgar/data/217410/000119312521075770/d14846d20f.htm"
  },
  {
    "date": "2019-12-31",
    "symbol": "UL",
    "reportedCurrency": "EUR",
    "cik": "0000217410",
    "fillingDate": "2020-03-09",
    "acceptedDate": "2020-03-09 17:25:19",
    "calendarYear": "2019",
    "period": "FY",
    "revenue": 51980000000,
    "costOfRevenue": 29102000000,
    "grossProfit": 22878000000,
    "grossProfitRatio": 0.4401308195,
    "researchAndDevelopmentExpenses": 840000000,
    "generalAndAdministrativeExpenses": 8511000000,
    "sellingAndMarketingExpenses": 7272000000,
    "sellingGeneralAndAdministrativeExpenses": 12121000000,
    "otherExpenses": 0,
    "operatingExpenses": 14050000000,
    "costAndExpenses": 43152000000,
    "interestIncome": 539000000,
    "interestExpense": 821000000,
    "depreciationAndAmortization": 1964000000,
    "ebitda": 11034000000,
    "ebitdaratio": 0.2122739515,
    "operatingIncome": 9917000000,
    "operatingIncomeRatio": 0.1907849173,
    "totalOtherIncomeExpensesNet": -1628000000,
    "incomeBeforeTax": 8289000000,
    "incomeBeforeTaxRatio": 0.1594651789,
    "incomeTaxExpense": 2263000000,
    "netIncome": 5625000000,
    "netIncomeRatio": 0.108214698,
    "eps": 2.15,
    "epsdiluted": 2.14,
    "weightedAverageShsOut": 2628504672,
    "weightedAverageShsOutDil": 2626700000,
    "link": "https://www.sec.gov/Archives/edgar/data/217410/000119312520067343/0001193125-20-067343-index.htm",
    "finalLink": "https://www.sec.gov/Archives/edgar/data/217410/000119312520067343/d836658d20f.htm"
  },
  {
    "date": "2018-12-31",
    "symbol": "UL",
    "reportedCurrency": "EUR",
    "cik": "0000217410",
    "fillingDate": "2019-03-11",
    "acceptedDate": "2019-03-11 12:10:05",
    "calendarYear": "2018",
    "period": "FY",
    "revenue": 50982000000,
    "costOfRevenue": 28703000000,
    "grossProfit": 22279000000,
    "grossProfitRatio": 0.4369973716,
    "researchAndDevelopmentExpenses": 900000000,
    "generalAndAdministrativeExpenses": 4791000000,
    "sellingAndMarketingExpenses": 7150000000,
    "sellingGeneralAndAdministrativeExpenses": 11941000000,
    "otherExpenses": 0,
    "operatingExpenses": 9345000000,
    "costAndExpenses": 38048000000,
    "interestIncome": 574000000,
    "interestExpense": 731000000,
    "depreciationAndAmortization": 2008000000,
    "ebitda": 11337000000,
    "ebitdaratio": 0.2223726021,
    "operatingIncome": 9329000000,
    "operatingIncomeRatio": 0.182986152,
    "totalOtherIncomeExpensesNet": 3031000000,
    "incomeBeforeTax": 12360000000,
    "incomeBeforeTaxRatio": 0.2424385077,
    "incomeTaxExpense": 2572000000,
    "netIncome": 9369000000,
    "netIncomeRatio": 0.1837707426,
    "eps": 3.48,
    "epsdiluted": 3.48,
    "weightedAverageShsOut": 2692241379,
    "weightedAverageShsOutDil": 2694800000,
    "link": "https://www.sec.gov/Archives/edgar/data/217410/000119312519070426/0001193125-19-070426-index.htm",
    "finalLink": "https://www.sec.gov/Archives/edgar/data/217410/000119312519070426/d641532d20f.htm"
  },
  {
    "date": "2017-12-31",
    "symbol": "UL",
    "reportedCurrency": "EUR",
    "cik": "0000217410",
    "fillingDate": "2018-02-28",
    "acceptedDate": "2018-02-28 09:29:11",
    "calendarYear": "2017",
    "period": "FY",
    "revenue": 53715000000,
    "costOfRevenue": 30484000000,
    "grossProfit": 23231000000,
    "grossProfitRatio": 0.4324862701,
    "researchAndDevelopmentExpenses": 900000000,
    "generalAndAdministrativeExpenses": 0,
    "sellingAndMarketingExpenses": 7575000000,
    "sellingGeneralAndAdministrativeExpenses": 12927000000,
    "otherExpenses": 0,
    "operatingExpenses": 14584000000,
    "costAndExpenses": 45068000000,
    "interestIncome": 521000000,
    "interestExpense": 565000000,
    "depreciationAndAmortization": 1538000000,
    "ebitda": 10942000000,
    "ebitdaratio": 0.203704738,
    "operatingIncome": 9404000000,
    "operatingIncomeRatio": 0.17507214,
    "totalOtherIncomeExpensesNet": -731000000,
    "incomeBeforeTax": 8126000000,
    "incomeBeforeTaxRatio": 0.1512799032,
    "incomeTaxExpense": 1670000000,
    "netIncome": 6023000000,
    "netIncomeRatio": 0.1121288281,
    "eps": 2.15,
    "epsdiluted": 2.14,
    "weightedAverageShsOut": 2814485981,
    "weightedAverageShsOutDil": 2814000000,
    "link": "https://www.sec.gov/Archives/edgar/data/217410/000119312518062395/0001193125-18-062395-index.htm",
    "finalLink": "https://www.sec.gov/Archives/edgar/data/217410/000119312518062395/d458042d20f.htm"
  },
  {
    "date": "2016-12-31",
    "symbol": "UL",
    "reportedCurrency": "EUR",
    "cik": "0000217410",
    "fillingDate": "2017-02-28",
    "acceptedDate": "2017-02-28 09:03:48",
    "calendarYear": "2016",
    "period": "FY",
    "revenue": 52713000000,
    "costOfRevenue": 30229000000,
    "grossProfit": 22484000000,
    "grossProfitRatio": 0.4265361486,
    "researchAndDevelopmentExpenses": 978000000,
    "generalAndAdministrativeExpenses": 0,
    "sellingAndMarketingExpenses": 7731000000,
    "sellingGeneralAndAdministrativeExpenses": 13799000000,
    "otherExpenses": 0,
    "operatingExpenses": 14662000000,
    "costAndExpenses": 44891000000,
    "interestIncome": 353000000,
    "interestExpense": 568000000,
    "depreciationAndAmortization": 1464000000,
    "ebitda": 9171000000,
    "ebitdaratio": 0.1739798532,
    "operatingIncome": 7707000000,
    "operatingIncomeRatio": 0.1462068181,
    "totalOtherIncomeExpensesNet": -238000000,
    "incomeBeforeTax": 7469000000,
    "incomeBeforeTaxRatio": 0.1416918028,
    "incomeTaxExpense": 1922000000,
    "netIncome": 5184000000,
    "netIncomeRatio": 0.098343862,
    "eps": 1.83,
    "epsdiluted": 1.82,
    "weightedAverageShsOut": 2848351648,
    "weightedAverageShsOutDil": 2853900000,
    "link": "https://www.sec.gov/Archives/edgar/data/217410/000119312517060492/0001193125-17-060492-index.htm",
    "finalLink": "https://www.sec.gov/Archives/edgar/data/217410/000119312517060492/d305877d20f.htm"
  },
  {
    "date": "2015-12-31",
    "symbol": "UL",
    "reportedCurrency": "EUR",
    "cik": "0000217410",
    "fillingDate": "2016-02-23",
    "acceptedDate": "2016-02-23 10:45:04",
    "calendarYear": "2015",
    "period": "FY",
    "revenue": 53272000000,
    "costOfRevenue": 30808000000,
    "grossProfit": 22464000000,
    "grossProfitRatio": 0.4216849377,
    "researchAndDevelopmentExpenses": 1005000000,
    "generalAndAdministrativeExpenses": 0,
    "sellingAndMarketingExpenses": 8003000000,
    "sellingGeneralAndAdministrativeExpenses": 14065000000,
    "otherExpenses": 0,
    "operatingExpenses": 14927000000,
    "costAndExpenses": 45735000000,
    "interestIncome": 317000000,
    "interestExpense": 548000000,
    "depreciationAndAmortization": 1370000000,
    "ebitda": 8764000000,
    "ebitdaratio": 0.1645141913,
    "operatingIncome": 7394000000,
    "operatingIncomeRatio": 0.1387971167,
    "totalOtherIncomeExpensesNet": -295000000,
    "incomeBeforeTax": 7220000000,
    "incomeBeforeTaxRatio": 0.1355308605,
    "incomeTaxExpense": 1961000000,
    "netIncome": 4909000000,
    "netIncomeRatio": 0.0921497222,
    "eps": 1.73,
    "epsdiluted": 1.72,
    "weightedAverageShsOut": 2854069767,
    "weightedAverageShsOutDil": 2855400000,
    "link": "https://www.sec.gov/Archives/edgar/data/217410/000119312516472832/0001193125-16-472832-index.htm",
    "finalLink": "https://www.sec.gov/Archives/edgar/data/217410/000119312516472832/d61872d20f.htm"
  }
]