[
  {
    "date": "2025-01-26",
    "symbol": "NVDA",
    "reportedCurrency": "USD",
    "cik": "0001045810",
    "fillingDate": "2025-02-26",
    "acceptedDate": "2025-02-26 16:48:33",
    "calendarYear": "2025",
    "period": "FY",
    "revenue": 130497000000,
    "costOfRevenue": 32639000000,
    "grossProfit": 97858000000,
    "grossProfitRatio": 0.7498869706,
    "researchAndDevelopmentExpenses": 12914000000,
    "generalAndAdministrativeExpenses": 0,
    "sellingAndMarketingExpenses": 0,
    "sellingGeneralAndAdministrativeExpenses": 3491000000,
    "otherExpenses": 0,
    "operatingExpenses": 16405000000,
    "costAndExpenses": 49044000000,
    "interestIncome": 1786000000,
    "interestExpense": 247000000,
    "depreciationAndAmortization": 1864000000,
    "ebitda": 86137000000,
    "ebitdaratio": 0.6600688138,
    "operatingIncome": 81453000000,
    "operatingIncomeRatio": 0.6241752684,
    "totalOtherIncomeExpensesNet": 2573000000,
    "incomeBeforeTax": 84026000000,
    "incomeBeforeTaxRatio": 0.6438921968,
    "incomeTaxExpense": 11146000000,
    "netIncome": 72880000000,
    "netIncomeRatio": 0.5584802716,
    "eps": 2.97,
    "epsdiluted": 2.94,
    "weightedAverageShsOut": 24555000000,
    "weightedAverageShsOutDil": 24804000000,
    "link": "https://www.sec.gov/Archives/edgar/data/1045810/000104581025000023/0001045810-25-000023-index.htm",
    "finalLink": "https://www.sec.gov/Archives/edgar/data/1045810/000104581025000023/nvda-20250126.htm"
  },
  {
    "date": "2024-01-28",
    "symbol": "NVDA",
    "reportedCurrency": "USD",
    "cik": "0001045810",
    "fillingDate": "2024-02-21",
    "acceptedDate": "2024-02-21 16:36:57",
    "calendarYear": "2024",
    "period": "FY",
    "revenue": 60922000000,
    "costOfRevenue": 16621000000,
    "grossProfit": 44301000000,
    "grossProfitRatio": 0.7271757329,
    "researchAndDevelopmentExpenses": 8675000000,
    "generalAndAdministrativeExpenses": 0,
    "sellingAndMarketingExpenses": 0,
    "sellingGeneralAndAdministrativeExpenses": 2654000000,
    "otherExpenses": 0,
    "operatingExpenses": 11329000000,
    "costAndExpenses": 27950000000,
    "interestIncome": 866000000,
    "interestExpense": 257000000,
    "depreciationAndAmortization": 1508000000,
    "ebitda": 35583000000,
    "ebitdaratio": 0.5840747185,
    "operatingIncome": 32972000000,
    "operatingIncomeRatio": 0.5412166377,
    "totalOtherIncomeExpensesNet": 846000000,
    "incomeBeforeTax": 33818000000,
    "incomeBeforeTaxRatio": 0.5551032468,
    "incomeTaxExpense": 4058000000,
    "netIncome": 29760000000,
    "netIncomeRatio": 0.4884934835,
    "eps": 1.21,
    "epsdiluted": 1.19,
    "weightedAverageShsOut": 24690000000,
    "weightedAverageShsOutDil": 24940000000,
    "link": "https://www.sec.gov/Archives/edgar/data/1045810/000104581024000029/0001045810-24-000029-index.htm",
    "finalLink": "https://www.sec.gov/Archives/edgar/data/1045810/000104581024000029/nvda-20240128.htm"
  },
  {
    "date": "2023-01-29",
    "symbol": "NVDA",
    "reportedCurrency": "USD",
    "cik": "0001045810",
    "fillingDate": "2023-02-24",
    "acceptedDate": "2023-02-24 17:23:43",
    "calendarYear": "2023",
    "period": "FY",
    "revenue": 26974000000,
    "costOfRevenue": 11618000000,
    "grossProfit": 15356000000,
    "grossProfitRatio": 0.5692889449,
    "researchAndDevelopmentExpenses": 7339000000,
    "generalAndAdministrativeExpenses": 0,
    "sellingAndMarketingExpenses": 0,
    "sellingGeneralAndAdministrativeExpenses": 2440000000,
    "otherExpenses": 1353000000,
    "operatingExpenses": 11132000000,
    "costAndExpenses": 22750000000,
    "interestIncome": 267000000,
    "interestExpense": 262000000,
    "depreciationAndAmortization": 1544000000,
    "ebitda": 5987000000,
    "ebitdaratio": 0.2219544747,
    "operatingIncome": 4224000000,
    "operatingIncomeRatio": 0.1565952399,
    "totalOtherIncomeExpensesNet": -43000000,
    "incomeBeforeTax": 4181000000,
    "incomeBeforeTaxRatio": 0.1550011122,
    "incomeTaxExpense": -187000000,
    "netIncome": 4368000000,
    "netIncomeRatio": 0.1619337139,
    "eps": 0.18,
    "epsdiluted": 0.17,
    "weightedAverageShsOut": 24870000000,
    "weightedAverageShsOutDil": 25070000000,
    "link": "https://www.sec.gov/Archives/edgar/data/1045810/000104581023000017/0001045810-23-000017-index.htm",
    "finalLink": "https://www.sec.gov/Archives/edgar/data/1045810/000104581023000017/nvda-20230129.htm"
  },
  {
    "date": "2022-01-30",
    "symbol": "NVDA",
    "reportedCurrency": "USD",
    "cik": "0001045810",
    "fillingDate": "2022-03-18",
    "acceptedDate": "2022-03-17 20:33:34",
    "calendarYear": "2022",
    "period": "FY",
    "revenue": 26914000000,
    "costOfRevenue": 9439000000,
    "grossProfit": 17475000000,
    "grossProfitRatio": 0.6492903322,
    "researchAndDevelopmentExpenses": 5268000000,
    "generalAndAdministrativeExpenses": 0,
    "sellingAndMarketingExpenses": 0,
    "sellingGeneralAndAdministrativeExpenses": 2166000000,
    "otherExpenses": 0,
    "operatingExpenses": 7434000000,
    "costAndExpenses": 16873000000,
    "interestIncome": 29000000,
    "interestExpense": 236000000,
    "depreciationAndAmortization": 1174000000,
    "ebitda": 11351000000,
    "ebitdaratio": 0.4217507617,
    "operatingIncome": 10041000000,
    "operatingIncomeRatio": 0.3730772089,
    "totalOtherIncomeExpensesNet": -100000000,
    "incomeBeforeTax": 9941000000,
    "incomeBeforeTaxRatio": 0.3693616705,
    "incomeTaxExpense": 189000000,
    "netIncome": 9752000000,
    "netIncomeRatio": 0.362339303,
    "eps": 0.39,
    "epsdiluted": 0.39,
    "weightedAverageShsOut": 24960000000,
    "weightedAverageShsOutDil": 25350000000,
    "link": "https://www.sec.gov/Archives/edgar/data/1045810/000104581022000036/0001045810-22-000036-index.htm",
    "finalLink": "https://www.sec.gov/Archives/edgar/data/1045810/000104581022000036/nvda-20220130.htm"
  },
  {
    "date": "2021-01-31",
    "symbol": "NVDA",
    "reportedCurrency": "USD",
    "cik": "0001045810",
    "fillingDate": "2021-02-26",
    "acceptedDate": "2021-02-26 17:03:14",
    "calendarYear": "2021",
    "period": "FY",
    "revenue": 16675000000,
    "costOfRevenue": 6279000000,
    "grossProfit": 10396000000,
    "grossProfitRatio": 0.6234482759,
    "researchAndDevelopmentExpenses": 3924000000,
    "generalAndAdministrativeExpenses": 0,
    "sellingAndMarketingExpenses": 0,
    "sellingGeneralAndAdministrativeExpenses": 1940000000,
    "otherExpenses": 0,
    "operatingExpenses": 5864000000,
    "costAndExpenses": 12143000000,
    "interestIncome": 57000000,
    "interestExpense": 184000000,
    "depreciationAndAmortization": 1098000000,
    "ebitda": 5691000000,
    "ebitdaratio": 0.3412893553,
    "operatingIncome": 4532000000,
    "operatingIncomeRatio": 0.2717841079,
    "totalOtherIncomeExpensesNet": -123000000,
    "incomeBeforeTax": 4409000000,
    "incomeBeforeTaxRatio": 0.2644077961,
    "incomeTaxExpense": 77000000,
    "netIncome": 4332000000,
    "netIncomeRatio": 0.2597901049,
    "eps": 0.18,
    "epsdiluted": 0.17,
    "weightedAverageShsOut": 24680000000,
    "weightedAverageShsOutDil": 25120000000,
    "link": "https://www.sec.gov/Archives/edgar/data/1045810/000104581021000010/0001045810-21-000010-index.htm",
    "finalLink": "https://www.sec.gov/Archives/edgar/data/1045810/000104581021000010/nvda-20210131.htm"
  },
  {
    "date": "2020-01-26",
    "symbol": "NVDA",
    "reportedCurrency": "USD",
    "cik": "0001045810",
    "fillingDate": "2020-02-20",
    "acceptedDate": "2020-02-20 16:38:18",
    "calendarYear": "2020",
    "period": "FY",
    "revenue": 10918000000,
    "costOfRevenue": 4150000000,
    "grossProfit": 6768000000,
    "grossProfitRatio": 0.6198937534,
    "researchAndDevelopmentExpenses": 2829000000,
    "generalAndAdministrativeExpenses": 0,
    "sellingAndMarketingExpenses": 0,
    "sellingGeneralAndAdministrativeExpenses": 1093000000,
    "otherExpenses": 0,
    "operatingExpenses": 3922000000,
    "costAndExpenses": 8072000000,
    "interestIncome": 178000000,
    "interestExpense": 52000000,
    "depreciationAndAmortization": 381000000,
    "ebitda": 3403000000,
    "ebitdaratio": 0.3116871222,
    "operatingIncome": 2846000000,
    "operatingIncomeRatio": 0.2606704525,
    "totalOtherIncomeExpensesNet": 124000000,
    "incomeBeforeTax": 2970000000,
    "incomeBeforeTaxRatio": 0.2720278439,
    "incomeTaxExpense": 174000000,
    "netIncome": 2796000000,
    "netIncomeRatio": 0.2560908591,
    "eps": 0.12,
    "epsdiluted": 0.11,
    "weightedAverageShsOut": 24360000000,
    "weightedAverageShsOutDil": 24720000000,
    "link": "https://www.sec.gov/Archives/edgar/data/1045810/000104581020000010/0001045810-20-000010-index.htm",
    "finalLink": "https://www.sec.gov/Archives/edgar/data/1045810/000104581020000010/nvda-2020x10k.htm"
  },
  {
    "date": "2019-01-27",
    "symbol": "NVDA",
    "reportedCurrency": "USD",
    "cik": "0001045810",
    "fillingDate": "2019-02-21",
    "acceptedDate": "2019-02-21 16:37:18",
    "calendarYear": "2019",
    "period": "FY",
    "revenue": 11716000000,
    "costOfRevenue": 4545000000,
    "grossProfit": 7171000000,
    "grossProfitRatio": 0.6120689655,
    "researchAndDevelopmentExpenses": 2376000000,
    "generalAndAdministrativeExpenses": 0,
    "sellingAndMarketingExpenses": 0,
    "sellingGeneralAndAdministrativeExpenses": 991000000,
    "otherExpenses": 0,
    "operatingExpenses": 3367000000,
    "costAndExpenses": 7912000000,
    "interestIncome": 136000000,
    "interestExpense": 58000000,
    "depreciationAndAmortization": 262000000,
    "ebitda": 4216000000,
    "ebitdaratio": 0.3598497781,
    "operatingIncome": 3804000000,
    "operatingIncomeRatio": 0.3246841926,
    "totalOtherIncomeExpensesNet": 92000000,
    "incomeBeforeTax": 3896000000,
    "incomeBeforeTaxRatio": 0.3325367019,
    "incomeTaxExpense": -245000000,
    "netIncome": 4141000000,
    "netIncomeRatio": 0.3534482759,
    "eps": 0.17,
    "epsdiluted": 0.17,
    "weightedAverageShsOut": 24320000000,
    "weightedAverageShsOutDil": 25000000000,
    "link": "https://www.sec.gov/Archives/edgar/data/1045810/000104581019000023/0001045810-19-000023-index.htm",
    "finalLink": "https://www.sec.gov/Archives/edgar/data/1045810/000104581019000023/nvda-2019x10k.htm"
  },
  {
    "date": "2018-01-28",
    "symbol": "NVDA",
    "reportedCurrency": "USD",
    "cik": "0001045810",
    "fillingDate": "2018-02-28",
    "acceptedDate": "2018-02-28 16:31:19",
    "calendarYear": "2018",
    "period": "FY",
    "revenue": 9714000000,
    "costOfRevenue": 3892000000,
    "grossProfit": 5822000000,
    "grossProfitRatio": 0.5993411571,
    "researchAndDevelopmentExpenses": 1797000000,
    "generalAndAdministrativeExpenses": 0,
    "sellingAndMarketingExpenses": 0,
    "sellingGeneralAndAdministrativeExpenses": 815000000,
    "otherExpenses": 0,
    "operatingExpenses": 2612000000,
    "costAndExpenses": 6504000000,
    "interestIncome": 69000000,
    "interestExpense": 61000000,
    "depreciationAndAmortization": 199000000,
    "ebitda": 3456000000,
    "ebitdaratio": 0.3557751699,
    "operatingIncome": 3210000000,
    "operatingIncomeRatio": 0.3304508956,
    "totalOtherIncomeExpensesNet": -14000000,
    "incomeBeforeTax": 3196000000,
    "incomeBeforeTaxRatio": 0.3290096768,
    "incomeTaxExpense": 149000000,
    "netIncome": 3047000000,
    "netIncomeRatio": 0.3136709903,
    "eps": 0.13,
    "epsdiluted": 0.12,
    "weightedAverageShsOut": 23960000000,
    "weightedAverageShsOutDil": 25280000000,
    "link": "https://www.sec.gov/Archives/edgar/data/1045810/000104581018000010/0001045810-18-000010-index.htm",
    "finalLink": "https://www.sec.gov/Archives/edgar/data/1045810/000104581018000010/nvda-2018x10k.htm"
  },
  {
    "date": "2017-01-29",
    "symbol": "NVDA",
    "reportedCurrency": "USD",
    "cik": "0001045810",
    "fillingDate": "2017-03-01",
    "acceptedDate": "2017-03-01 17:30:49",
    "calendarYear": "2017",
    "period": "FY",
    "revenue": 6910000000,
    "costOfRevenue": 2847000000,
    "grossProfit": 4063000000,
    "grossProfitRatio": 0.5879884226,
    "researchAndDevelopmentExpenses": 1463000000,
    "generalAndAdministrativeExpenses": 0,
    "sellingAndMarketingExpenses": 0,
    "sellingGeneralAndAdministrativeExpenses": 663000000,
    "otherExpenses": 3000000,
    "operatingExpenses": 2129000000,
    "costAndExpenses": 4976000000,
    "interestIncome": 54000000,
    "interestExpense": 58000000,
    "depreciationAndAmortization": 187000000,
    "ebitda": 2150000000,
    "ebitdaratio": 0.3111432706,
    "operatingIncome": 1934000000,
    "operatingIncomeRatio": 0.2798842258,
    "totalOtherIncomeExpensesNet": -29000000,
    "incomeBeforeTax": 1905000000,
    "incomeBeforeTaxRatio": 0.2756874096,
    "incomeTaxExpense": 239000000,
    "netIncome": 1666000000,
    "netIncomeRatio": 0.2410998553,
    "eps": 0.077,
    "epsdiluted": 0.064,
    "weightedAverageShsOut": 21640000000,
    "weightedAverageShsOutDil": 25960000000,
    "link": "https://www.sec.gov/Archives/edgar/data/1045810/000104581017000027/0001045810-17-000027-index.htm",
    "finalLink": "https://www.sec.gov/Archives/edgar/data/1045810/000104581017000027/nvda-2017x10k.htm"
  },
  {
    "date": "2016-01-31",
    "symbol": "NVDA",
    "reportedCurrency": "USD",
    "cik": "0001045810",
    "fillingDate": "2016-03-17",
    "acceptedDate": "2016-03-16 18:07:18",
    "calendarYear": "2016",
    "period": "FY",
    "revenue": 5010000000,
    "costOfRevenue": 2199000000,
    "grossProfit": 2811000000,
    "grossProfitRatio": 0.5610778443,
    "researchAndDevelopmentExpenses": 1331000000,
    "generalAndAdministrativeExpenses": 0,
    "sellingAndMarketingExpenses": 0,
    "sellingGeneralAndAdministrativeExpenses": 602000000,
    "otherExpenses": 131000000,
    "operatingExpenses": 2064000000,
    "costAndExpenses": 4263000000,
    "interestIncome": 39000000,
    "interestExpense": 47000000,
    "depreciationAndAmortization": 197000000,
    "ebitda": 987000000,
    "ebitdaratio": 0.197005988,
    "operatingIncome": 747000000,
    "operatingIncomeRatio": 0.1491017964,
    "totalOtherIncomeExpensesNet": -4000000,
    "incomeBeforeTax": 743000000,
    "incomeBeforeTaxRatio": 0.1483033932,
    "incomeTaxExpense": 129000000,
    "netIncome": 614000000,
    "netIncomeRatio": 0.1225548902,
    "eps": 0.028,
    "epsdiluted": 0.027,
    "weightedAverageShsOut": 21720000000,
    "weightedAverageShsOutDil": 22760000000,
    "link": "https://www.sec.gov/Archives/edgar/data/1045810/000104581016000205/0001045810-16-000205-index.htm",
    "finalLink": "https://www.sec.gov/Archives/edgar/data/1045810/000104581016000205/nvda-2016x10k.htm"
  }
]