[
  {
    "date": "2024-06-30",
    "symbol": "PG",
    "reportedCurrency": "USD",
    "cik": "0000080424",
    "fillingDate": "2024-08-05",
    "acceptedDate": "2024-08-05 16:16:53",
    "calendarYear": "2024",
    "period": "FY",
    "revenue": 84039000000,
    "costOfRevenue": 40848000000,
    "grossProfit": 43191000000,
    "grossProfitRatio": 0.5139399564,
    "researchAndDevelopmentExpenses": 0,
    "generalAndAdministrativeExpenses": 0,
    "sellingAndMarketingExpenses": 0,
    "sellingGeneralAndAdministrativeExpenses": 23305000000,
    "otherExpenses": 1341000000,
    "operatingExpenses": 24646000000,
    "costAndExpenses": 65494000000,
    "interestIncome": 473000000,
    "interestExpense": 925000000,
    "depreciationAndAmortization": 2896000000,
    "ebitda": 22582000000,
    "ebitdaratio": 0.2687085758,
    "operatingIncome": 18545000000,
    "operatingIncomeRatio": 0.220671355,
    "totalOtherIncomeExpensesNet": 216000000,
    "incomeBeforeTax": 18761000000,
    "incomeBeforeTaxRatio": 0.2232415902,
    "incomeTaxExpense": 3787000000,
    "netIncome": 14879000000,
    "netIncomeRatio": 0.1770487512,
    "eps": 6.3,
    "epsdiluted": 6.02,
    "weightedAverageShsOut": 2360100000,
    "weightedAverageShsOutDil": 2471900000,
    "link": "https://www.sec.gov/Archives/edgar/data/80424/000008042424000083/0000080424-24-000083-index.htm",
    "finalLink": "https://www.sec.gov/Archives/edgar/data/80424/000008042424000083/pg-20240630.htm"
  },
  {
    "date": "2023-06-30",
    "symbol": "PG",
    "reportedCurrency": "USD",
    "cik": "0000080424",
    "fillingDate": "2023-08-04",
    "acceptedDate": "2023-08-04 16:16:13",
    "calendarYear": "2023",
    "period": "FY",
    "revenue": 82006000000,
    "costOfRevenue": 42760000000,
    "grossProfit": 39246000000,
    "grossProfitRatio": 0.4785747384,
    "researchAndDevelopmentExpenses": 0,
    "generalAndAdministrativeExpenses": 0,
    "sellingAndMarketingExpenses": 0,
    "sellingGeneralAndAdministrativeExpenses": 21112000000,
    "otherExpenses": 0,
    "operatingExpenses": 21112000000,
    "costAndExpenses": 63872000000,
    "interestIncome": 307000000,
    "interestExpense": 756000000,
    "depreciationAndAmortization": 2714000000,
    "ebitda": 21823000000,
    "ebitdaratio": 0.2661146745,
    "operatingIncome": 18134000000,
    "operatingIncomeRatio": 0.2211301612,
    "totalOtherIncomeExpensesNet": 219000000,
    "incomeBeforeTax": 18353000000,
    "incomeBeforeTaxRatio": 0.2238006975,
    "incomeTaxExpense": 3615000000,
    "netIncome": 14653000000,
    "netIncomeRatio": 0.1786820477,
    "eps": 6.07,
    "epsdiluted": 5.9,
    "weightedAverageShsOut": 2368200000,
    "weightedAverageShsOutDil": 2483900000,
    "link": "https://www.sec.gov/Archives/edgar/data/80424/000008042423000073/0000080424-23-000073-index.htm",
    "finalLink": "https://www.sec.gov/Archives/edgar/data/80424/000008042423000073/pg-20230630.htm"
  },
  {
    "date": "2022-06-30",
    "symbol": "PG",
    "reportedCurrency": "USD",
    "cik": "0000080424",
    "fillingDate": "2022-08-05",
    "acceptedDate": "2022-08-05 16:21:50",
    "calendarYear": "2022",
    "period": "FY",
    "revenue": 80187000000,
    "costOfRevenue": 42157000000,
    "grossProfit": 38030000000,
    "grossProfitRatio": 0.4742664023,
    "researchAndDevelopmentExpenses": 0,
    "generalAndAdministrativeExpenses": 0,
    "sellingAndMarketingExpenses": 0,
    "sellingGeneralAndAdministrativeExpenses": 20217000000,
    "otherExpenses": 0,
    "operatingExpenses": 20217000000,
    "costAndExpenses": 62374000000,
    "interestIncome": 51000000,
    "interestExpense": 439000000,
    "depreciationAndAmortization": 2807000000,
    "ebitda": 21241000000,
    "ebitdaratio": 0.2648933119,
    "operatingIncome": 17813000000,
    "operatingIncomeRatio": 0.2221432402,
    "totalOtherIncomeExpensesNet": 182000000,
    "incomeBeforeTax": 17995000000,
    "incomeBeforeTaxRatio": 0.2244129348,
    "incomeTaxExpense": 3202000000,
    "netIncome": 14742000000,
    "netIncomeRatio": 0.1838452617,
    "eps": 6,
    "epsdiluted": 5.81,
    "weightedAverageShsOut": 2410300000,
    "weightedAverageShsOutDil": 2539100000,
    "link": "https://www.sec.gov/Archives/edgar/data/80424/000008042422000064/0000080424-22-000064-index.htm",
    "finalLink": "https://www.sec.gov/Archives/edgar/data/80424/000008042422000064/pg-20220630.htm"
  },
  {
    "date": "2021-06-30",
    "symbol": "PG",
    "reportedCurrency": "USD",
    "cik": "0000080424",
    "fillingDate": "2021-08-06",
    "acceptedDate": "2021-08-06 16:19:59",
    "calendarYear": "2021",
    "period": "FY",
    "revenue": 76118000000,
    "costOfRevenue": 37108000000,
    "grossProfit": 39010000000,
    "grossProfitRatio": 0.5124937597,
    "researchAndDevelopmentExpenses": 0,
    "generalAndAdministrativeExpenses": 0,
    "sellingAndMarketingExpenses": 0,
    "sellingGeneralAndAdministrativeExpenses": 21024000000,
    "otherExpenses": 0,
    "operatingExpenses": 21024000000,
    "costAndExpenses": 58132000000,
    "interestIncome": 45000000,
    "interestExpense": 502000000,
    "depreciationAndAmortization": 2735000000,
    "ebitda": 20852000000,
    "ebitdaratio": 0.2739430884,
    "operatingIncome": 17986000000,
    "operatingIncomeRatio": 0.2362910218,
    "totalOtherIncomeExpensesNet": -371000000,
    "incomeBeforeTax": 17615000000,
    "incomeBeforeTaxRatio": 0.2314170104,
    "incomeTaxExpense": 3263000000,
    "netIncome": 14306000000,
    "netIncomeRatio": 0.1879450327,
    "eps": 5.69,
    "epsdiluted": 5.5,
    "weightedAverageShsOut": 2465800000,
    "weightedAverageShsOutDil": 2601000000,
    "link": "https://www.sec.gov/Archives/edgar/data/80424/000008042421000100/0000080424-21-000100-index.htm",
    "finalLink": "https://www.sec.gov/Archives/edgar/data/80424/000008042421000100/pg-20210630.htm"
  },
  {
    "date": "2020-06-30",
    "symbol": "PG",
    "reportedCurrency": "USD",
    "cik": "0000080424",
    "fillingDate": "2020-08-06",
    "acceptedDate": "2020-08-06 16:17:03",
    "calendarYear": "2020",
    "period": "FY",
    "revenue": 70950000000,
    "costOfRevenue": 35250000000,
    "grossProfit": 35700000000,
    "grossProfitRatio": 0.5031712474,
    "researchAndDevelopmentExpenses": 0,
    "generalAndAdministrativeExpenses": 0,
    "sellingAndMarketingExpenses": 0,
    "sellingGeneralAndAdministrativeExpenses": 19994000000,
    "otherExpenses": 0,
    "operatingExpenses": 19994000000,
    "costAndExpenses": 55244000000,
    "interestIncome": 155000000,
    "interestExpense": 465000000,
    "depreciationAndAmortization": 3013000000,
    "ebitda": 19312000000,
    "ebitdaratio": 0.2721916843,
    "operatingIncome": 15706000000,
    "operatingIncomeRatio": 0.22136716,
    "totalOtherIncomeExpensesNet": 128000000,
    "incomeBeforeTax": 15834000000,
    "incomeBeforeTaxRatio": 0.2231712474,
    "incomeTaxExpense": 2731000000,
    "netIncome": 13027000000,
    "netIncomeRatio": 0.1836081748,
    "eps": 5.13,
    "epsdiluted": 4.96,
    "weightedAverageShsOut": 2487100000,
    "weightedAverageShsOutDil": 2625800000,
    "link": "https://www.sec.gov/Archives/edgar/data/80424/000008042420000053/0000080424-20-000053-index.htm",
    "finalLink": "https://www.sec.gov/Archives/edgar/data/80424/000008042420000053/pg-20200630.htm"
  },
  {
    "date": "2019-06-30",
    "symbol": "PG",
    "reportedCurrency": "USD",
    "cik": "0000080424",
    "fillingDate": "2019-08-06",
    "acceptedDate": "2019-08-06 16:26:04",
    "calendarYear": "2019",
    "period": "FY",
    "revenue": 67684000000,
    "costOfRevenue": 34768000000,
    "grossProfit": 32916000000,
    "grossProfitRatio": 0.4863187755,
    "researchAndDevelopmentExpenses": 0,
    "generalAndAdministrativeExpenses": 0,
    "sellingAndMarketingExpenses": 0,
    "sellingGeneralAndAdministrativeExpenses": 19084000000,
    "otherExpenses": 8345000000,
    "operatingExpenses": 27429000000,
    "costAndExpenses": 62197000000,
    "interestIncome": 220000000,
    "interestExpense": 509000000,
    "depreciationAndAmortization": 2824000000,
    "ebitda": 9402000000,
    "ebitdaratio": 0.1389102299,
    "operatingIncome": 5487000000,
    "operatingIncomeRatio": 0.0810679038,
    "totalOtherIncomeExpensesNet": 582000000,
    "incomeBeforeTax": 6069000000,
    "incomeBeforeTaxRatio": 0.0896666864,
    "incomeTaxExpense": 2103000000,
    "netIncome": 3897000000,
    "netIncomeRatio": 0.0575763844,
    "eps": 1.56,
    "epsdiluted": 1.53,
    "weightedAverageShsOut": 2503600000,
    "weightedAverageShsOutDil": 2539500000,
    "link": "https://www.sec.gov/Archives/edgar/data/80424/000008042419000050/0000080424-19-000050-index.htm",
    "finalLink": "https://www.sec.gov/Archives/edgar/data/80424/000008042419000050/fy181910-kreport.htm"
  },
  {
    "date": "2018-06-30",
    "symbol": "PG",
    "reportedCurrency": "USD",
    "cik": "0000080424",
    "fillingDate": "2018-08-07",
    "acceptedDate": "2018-08-07 16:19:22",
    "calendarYear": "2018",
    "period": "FY",
    "revenue": 66832000000,
    "costOfRevenue": 34432000000,
    "grossProfit": 32400000000,
    "grossProfitRatio": 0.4847977017,
    "researchAndDevelopmentExpenses": 0,
    "generalAndAdministrativeExpenses": 0,
    "sellingAndMarketingExpenses": 0,
    "sellingGeneralAndAdministrativeExpenses": 19037000000,
    "otherExpenses": 0,
    "operatingExpenses": 19037000000,
    "costAndExpenses": 53469000000,
    "interestIncome": 247000000,
    "interestExpense": 506000000,
    "depreciationAndAmortization": 2834000000,
    "ebitda": 16666000000,
    "ebitdaratio": 0.2493715585,
    "operatingIncome": 13363000000,
    "operatingIncomeRatio": 0.1999491262,
    "totalOtherIncomeExpensesNet": -37000000,
    "incomeBeforeTax": 13326000000,
    "incomeBeforeTaxRatio": 0.1993954992,
    "incomeTaxExpense": 3465000000,
    "netIncome": 9750000000,
    "netIncomeRatio": 0.1458881973,
    "eps": 3.85,
    "epsdiluted": 3.67,
    "weightedAverageShsOut": 2529300000,
    "weightedAverageShsOutDil": 2656700000,
    "link": "https://www.sec.gov/Archives/edgar/data/80424/000008042418000055/0000080424-18-000055-index.htm",
    "finalLink": "https://www.sec.gov/Archives/edgar/data/80424/000008042418000055/fy171810-kreport.htm"
  },
  {
    "date": "2017-06-30",
    "symbol": "PG",
    "reportedCurrency": "USD",
    "cik": "0000080424",
    "fillingDate": "2017-08-07",
    "acceptedDate": "2017-08-07 16:05:16",
    "calendarYear": "2017",
    "period": "FY",
    "revenue": 65058000000,
    "costOfRevenue": 32638000000,
    "grossProfit": 32420000000,
    "grossProfitRatio": 0.4983245719,
    "researchAndDevelopmentExpenses": 0,
    "generalAndAdministrativeExpenses": 0,
    "sellingAndMarketingExpenses": 0,
    "sellingGeneralAndAdministrativeExpenses": 18654000000,
    "otherExpenses": 0,
    "operatingExpenses": 18654000000,
    "costAndExpenses": 51292000000,
    "interestIncome": 171000000,
    "interestExpense": 465000000,
    "depreciationAndAmortization": 2820000000,
    "ebitda": 16542000000,
    "ebitdaratio": 0.2542654247,
    "operatingIncome": 13766000000,
    "operatingIncomeRatio": 0.2115958068,
    "totalOtherIncomeExpensesNet": -509000000,
    "incomeBeforeTax": 13257000000,
    "incomeBeforeTaxRatio": 0.2037720188,
    "incomeTaxExpense": 3063000000,
    "netIncome": 15326000000,
    "netIncomeRatio": 0.2355744105,
    "eps": 5.8,
    "epsdiluted": 5.59,
    "weightedAverageShsOut": 2642413793,
    "weightedAverageShsOutDil": 2740400000,
    "link": "https://www.sec.gov/Archives/edgar/data/80424/000008042417000047/0000080424-17-000047-index.htm",
    "finalLink": "https://www.sec.gov/Archives/edgar/data/80424/000008042417000047/fy161710-kreport.htm"
  },
  {
    "date": "2016-06-30",
    "symbol": "PG",
    "reportedCurrency": "USD",
    "cik": "0000080424",
    "fillingDate": "2016-08-09",
    "acceptedDate": "2016-08-09 16:03:15",
    "calendarYear": "2016",
    "period": "FY",
    "revenue": 65299000000,
    "costOfRevenue": 32909000000,
    "grossProfit": 32390000000,
    "grossProfitRatio": 0.4960259728,
    "researchAndDevelopmentExpenses": 0,
    "generalAndAdministrativeExpenses": 0,
    "sellingAndMarketingExpenses": 0,
    "sellingGeneralAndAdministrativeExpenses": 18949000000,
    "otherExpenses": 0,
    "operatingExpenses": 18949000000,
    "costAndExpenses": 51858000000,
    "interestIncome": 182000000,
    "interestExpense": 579000000,
    "depreciationAndAmortization": 3078000000,
    "ebitda": 17026000000,
    "ebitdaratio": 0.2607390619,
    "operatingIncome": 13441000000,
    "operatingIncomeRatio": 0.2058377617,
    "totalOtherIncomeExpensesNet": -72000000,
    "incomeBeforeTax": 13369000000,
    "incomeBeforeTaxRatio": 0.2047351414,
    "incomeTaxExpense": 3342000000,
    "netIncome": 10508000000,
    "netIncomeRatio": 0.1609213005,
    "eps": 3.8,
    "epsdiluted": 3.69,
    "weightedAverageShsOut": 2765263158,
    "weightedAverageShsOutDil": 2844400000,
    "link": "https://www.sec.gov/Archives/edgar/data/80424/000008042416000212/0000080424-16-000212-index.htm",
    "finalLink": "https://www.sec.gov/Archives/edgar/data/80424/000008042416000212/fy151610-kreport.htm"
  },
  {
    "date": "2015-06-30",
    "symbol": "PG",
    "reportedCurrency": "USD",
    "cik": "0000080424",
    "fillingDate": "2015-08-07",
    "acceptedDate": "2015-08-07 16:02:16",
    "calendarYear": "2015",
    "period": "FY",
    "revenue": 70749000000,
    "costOfRevenue": 37056000000,
    "grossProfit": 33693000000,
    "grossProfitRatio": 0.4762328796,
    "researchAndDevelopmentExpenses": 0,
    "generalAndAdministrativeExpenses": 0,
    "sellingAndMarketingExpenses": 0,
    "sellingGeneralAndAdministrativeExpenses": 20616000000,
    "otherExpenses": 2028000000,
    "operatingExpenses": 22644000000,
    "costAndExpenses": 59700000000,
    "interestIncome": 149000000,
    "interestExpense": 626000000,
    "depreciationAndAmortization": 3134000000,
    "ebitda": 14772000000,
    "ebitdaratio": 0.2087944706,
    "operatingIncome": 11049000000,
    "operatingIncomeRatio": 0.1561718187,
    "totalOtherIncomeExpensesNet": -37000000,
    "incomeBeforeTax": 11012000000,
    "incomeBeforeTaxRatio": 0.1556488431,
    "incomeTaxExpense": 2725000000,
    "netIncome": 7036000000,
    "netIncomeRatio": 0.0994501689,
    "eps": 2.5,
    "epsdiluted": 2.44,
    "weightedAverageShsOut": 2814400000,
    "weightedAverageShsOutDil": 2883600000,
    "link": "https://www.sec.gov/Archives/edgar/data/80424/000008042415000070/0000080424-15-000070-index.htm",
    "finalLink": "https://www.sec.gov/Archives/edgar/data/80424/000008042415000070/fy141510-kreport.htm"
  }
]