[
  {
    "date": "2024-12-31",
    "symbol": "PG",
    "reportedCurrency": "USD",
    "cik": "0000080424",
    "fillingDate": "2025-01-22",
    "acceptedDate": "2025-01-22 16:16:26",
    "calendarYear": "2025",
    "period": "Q2",
    "revenue": 21882000000,
    "costOfRevenue": 10418000000,
    "grossProfit": 11464000000,
    "grossProfitRatio": 0.5239009231,
    "researchAndDevelopmentExpenses": 0,
    "generalAndAdministrativeExpenses": 0,
    "sellingAndMarketingExpenses": 0,
    "sellingGeneralAndAdministrativeExpenses": 5723000000,
    "otherExpenses": 0,
    "operatingExpenses": 5723000000,
    "costAndExpenses": 16141000000,
    "interestIncome": 119000000,
    "interestExpense": 240000000,
    "depreciationAndAmortization": 706000000,
    "ebitda": 6791000000,
    "ebitdaratio": 0.3103464034,
    "operatingIncome": 5741000000,
    "operatingIncomeRatio": 0.2623617585,
    "totalOtherIncomeExpensesNet": 104000000,
    "incomeBeforeTax": 5845000000,
    "incomeBeforeTaxRatio": 0.2671145234,
    "incomeTaxExpense": 1187000000,
    "netIncome": 4630000000,
    "netIncomeRatio": 0.2115894342,
    "eps": 1.94,
    "epsdiluted": 1.88,
    "weightedAverageShsOut": 2351900000,
    "weightedAverageShsOutDil": 2458100000,
    "link": "https://www.sec.gov/Archives/edgar/data/80424/000008042425000013/0000080424-25-000013-index.htm",
    "finalLink": "https://www.sec.gov/Archives/edgar/data/80424/000008042425000013/pg-20241231.htm"
  },
  {
    "date": "2024-09-30",
    "symbol": "PG",
    "reportedCurrency": "USD",
    "cik": "0000080424",
    "fillingDate": "2024-10-18",
    "acceptedDate": "2024-10-18 16:15:59",
    "calendarYear": "2025",
    "period": "Q1",
    "revenue": 21737000000,
    "costOfRevenue": 10421000000,
    "grossProfit": 11316000000,
    "grossProfitRatio": 0.5205870175,
    "researchAndDevelopmentExpenses": 0,
    "generalAndAdministrativeExpenses": 0,
    "sellingAndMarketingExpenses": 0,
    "sellingGeneralAndAdministrativeExpenses": 5519000000,
    "otherExpenses": 0,
    "operatingExpenses": 5519000000,
    "costAndExpenses": 15940000000,
    "interestIncome": 135000000,
    "interestExpense": 238000000,
    "depreciationAndAmortization": 728000000,
    "ebitda": 6106000000,
    "ebitdaratio": 0.2809035285,
    "operatingIncome": 5797000000,
    "operatingIncomeRatio": 0.2666881354,
    "totalOtherIncomeExpensesNet": -657000000,
    "incomeBeforeTax": 5140000000,
    "incomeBeforeTaxRatio": 0.2364631734,
    "incomeTaxExpense": 1152000000,
    "netIncome": 3959000000,
    "netIncomeRatio": 0.1821318489,
    "eps": 1.65,
    "epsdiluted": 1.58,
    "weightedAverageShsOut": 2356200000,
    "weightedAverageShsOutDil": 2466000000,
    "link": "https://www.sec.gov/Archives/edgar/data/80424/000008042424000113/0000080424-24-000113-index.htm",
    "finalLink": "https://www.sec.gov/Archives/edgar/data/80424/000008042424000113/pg-20240930.htm"
  },
  {
    "date": "2024-06-30",
    "symbol": "PG",
    "reportedCurrency": "USD",
    "cik": "0000080424",
    "fillingDate": "2024-08-05",
    "acceptedDate": "2024-08-05 16:16:53",
    "calendarYear": "2024",
    "period": "Q4",
    "revenue": 20532000000,
    "costOfRevenue": 10348000000,
    "grossProfit": 10184000000,
    "grossProfitRatio": 0.4960062342,
    "researchAndDevelopmentExpenses": 0,
    "generalAndAdministrativeExpenses": 0,
    "sellingAndMarketingExpenses": 0,
    "sellingGeneralAndAdministrativeExpenses": 6299000000,
    "otherExpenses": 0,
    "operatingExpenses": 6299000000,
    "costAndExpenses": 16647000000,
    "interestIncome": 107000000,
    "interestExpense": 220000000,
    "depreciationAndAmortization": 761000000,
    "ebitda": 4851000000,
    "ebitdaratio": 0.2362653419,
    "operatingIncome": 3885000000,
    "operatingIncomeRatio": 0.1892168323,
    "totalOtherIncomeExpensesNet": -15000000,
    "incomeBeforeTax": 3870000000,
    "incomeBeforeTaxRatio": 0.1884862653,
    "incomeTaxExpense": 726000000,
    "netIncome": 3137000000,
    "netIncomeRatio": 0.1527858952,
    "eps": 1.3,
    "epsdiluted": 1.27,
    "weightedAverageShsOut": 2357000000,
    "weightedAverageShsOutDil": 2472200000,
    "link": "https://www.sec.gov/Archives/edgar/data/80424/000008042424000083/0000080424-24-000083-index.htm",
    "finalLink": "https://www.sec.gov/Archives/edgar/data/80424/000008042424000083/pg-20240630.htm"
  },
  {
    "date": "2024-03-31",
    "symbol": "PG",
    "reportedCurrency": "USD",
    "cik": "0000080424",
    "fillingDate": "2024-04-19",
    "acceptedDate": "2024-04-19 16:17:56",
    "calendarYear": "2024",
    "period": "Q3",
    "revenue": 20195000000,
    "costOfRevenue": 9855000000,
    "grossProfit": 10340000000,
    "grossProfitRatio": 0.5120079228,
    "researchAndDevelopmentExpenses": 0,
    "generalAndAdministrativeExpenses": 0,
    "sellingAndMarketingExpenses": 0,
    "sellingGeneralAndAdministrativeExpenses": 5880000000,
    "otherExpenses": 0,
    "operatingExpenses": 5880000000,
    "costAndExpenses": 15735000000,
    "interestIncome": 104000000,
    "interestExpense": 233000000,
    "depreciationAndAmortization": 712000000,
    "ebitda": 5537000000,
    "ebitdaratio": 0.2741767764,
    "operatingIncome": 4460000000,
    "operatingIncomeRatio": 0.2208467442,
    "totalOtherIncomeExpensesNet": 132000000,
    "incomeBeforeTax": 4592000000,
    "incomeBeforeTaxRatio": 0.2273830156,
    "incomeTaxExpense": 812000000,
    "netIncome": 3754000000,
    "netIncomeRatio": 0.1858875959,
    "eps": 1.56,
    "epsdiluted": 1.52,
    "weightedAverageShsOut": 2360500000,
    "weightedAverageShsOutDil": 2472000000,
    "link": "https://www.sec.gov/Archives/edgar/data/80424/000008042424000051/0000080424-24-000051-index.htm",
    "finalLink": "https://www.sec.gov/Archives/edgar/data/80424/000008042424000051/pg-20240331.htm"
  },
  {
    "date": "2023-12-31",
    "symbol": "PG",
    "reportedCurrency": "USD",
    "cik": "0000080424",
    "fillingDate": "2024-01-23",
    "acceptedDate": "2024-01-23 16:11:37",
    "calendarYear": "2024",
    "period": "Q2",
    "revenue": 21441000000,
    "costOfRevenue": 10144000000,
    "grossProfit": 11297000000,
    "grossProfitRatio": 0.5268877384,
    "researchAndDevelopmentExpenses": 0,
    "generalAndAdministrativeExpenses": 0,
    "sellingAndMarketingExpenses": 0,
    "sellingGeneralAndAdministrativeExpenses": 5522000000,
    "otherExpenses": 1342000000,
    "operatingExpenses": 6864000000,
    "costAndExpenses": 17008000000,
    "interestIncome": 133000000,
    "interestExpense": 248000000,
    "depreciationAndAmortization": 721000000,
    "ebitda": 5465000000,
    "ebitdaratio": 0.2548854997,
    "operatingIncome": 4433000000,
    "operatingIncomeRatio": 0.2067534164,
    "totalOtherIncomeExpensesNet": 63000000,
    "incomeBeforeTax": 4496000000,
    "incomeBeforeTaxRatio": 0.2096917121,
    "incomeTaxExpense": 1003000000,
    "netIncome": 3468000000,
    "netIncomeRatio": 0.1617461872,
    "eps": 1.44,
    "epsdiluted": 1.41,
    "weightedAverageShsOut": 2358000000,
    "weightedAverageShsOutDil": 2468400000,
    "link": "https://www.sec.gov/Archives/edgar/data/80424/000008042424000018/0000080424-24-000018-index.htm",
    "finalLink": "https://www.sec.gov/Archives/edgar/data/80424/000008042424000018/pg-20231231.htm"
  },
  {
    "date": "2023-09-30",
    "symbol": "PG",
    "reportedCurrency": "USD",
    "cik": "0000080424",
    "fillingDate": "2023-10-18",
    "acceptedDate": "2023-10-18 16:07:40",
    "calendarYear": "2024",
    "period": "Q1",
    "revenue": 21871000000,
    "costOfRevenue": 10501000000,
    "grossProfit": 11370000000,
    "grossProfitRatio": 0.5198664899,
    "researchAndDevelopmentExpenses": 0,
    "generalAndAdministrativeExpenses": 0,
    "sellingAndMarketingExpenses": 0,
    "sellingGeneralAndAdministrativeExpenses": 5604000000,
    "otherExpenses": -1000000,
    "operatingExpenses": 5603000000,
    "costAndExpenses": 16104000000,
    "interestIncome": 128000000,
    "interestExpense": 225000000,
    "depreciationAndAmortization": 702000000,
    "ebitda": 6729000000,
    "ebitdaratio": 0.3076676878,
    "operatingIncome": 5767000000,
    "operatingIncomeRatio": 0.2636825019,
    "totalOtherIncomeExpensesNet": 35000000,
    "incomeBeforeTax": 5802000000,
    "incomeBeforeTaxRatio": 0.2652827946,
    "incomeTaxExpense": 1246000000,
    "netIncome": 4521000000,
    "netIncomeRatio": 0.2067120845,
    "eps": 1.89,
    "epsdiluted": 1.83,
    "weightedAverageShsOut": 2360000000,
    "weightedAverageShsOutDil": 2475200000,
    "link": "https://www.sec.gov/Archives/edgar/data/80424/000008042423000103/0000080424-23-000103-index.htm",
    "finalLink": "https://www.sec.gov/Archives/edgar/data/80424/000008042423000103/pg-20230930.htm"
  },
  {
    "date": "2023-06-30",
    "symbol": "PG",
    "reportedCurrency": "USD",
    "cik": "0000080424",
    "fillingDate": "2023-08-04",
    "acceptedDate": "2023-08-04 16:16:13",
    "calendarYear": "2023",
    "period": "Q4",
    "revenue": 20553000000,
    "costOfRevenue": 10613000000,
    "grossProfit": 9940000000,
    "grossProfitRatio": 0.4836276943,
    "researchAndDevelopmentExpenses": 0,
    "generalAndAdministrativeExpenses": 0,
    "sellingAndMarketingExpenses": 0,
    "sellingGeneralAndAdministrativeExpenses": 5778000000,
    "otherExpenses": 0,
    "operatingExpenses": 5778000000,
    "costAndExpenses": 16391000000,
    "interestIncome": 116000000,
    "interestExpense": 240000000,
    "depreciationAndAmortization": 706000000,
    "ebitda": 5179000000,
    "ebitdaratio": 0.2519826789,
    "operatingIncome": 4162000000,
    "operatingIncomeRatio": 0.2025008515,
    "totalOtherIncomeExpensesNet": 71000000,
    "incomeBeforeTax": 4233000000,
    "incomeBeforeTaxRatio": 0.205955335,
    "incomeTaxExpense": 841000000,
    "netIncome": 3384000000,
    "netIncomeRatio": 0.1646474967,
    "eps": 1.4,
    "epsdiluted": 1.37,
    "weightedAverageShsOut": 2362100000,
    "weightedAverageShsOutDil": 2477500000,
    "link": "https://www.sec.gov/Archives/edgar/data/80424/000008042423000073/0000080424-23-000073-index.htm",
    "finalLink": "https://www.sec.gov/Archives/edgar/data/80424/000008042423000073/pg-20230630.htm"
  },
  {
    "date": "2023-03-31",
    "symbol": "PG",
    "reportedCurrency": "USD",
    "cik": "0000080424",
    "fillingDate": "2023-04-21",
    "acceptedDate": "2023-04-21 16:10:59",
    "calendarYear": "2023",
    "period": "Q3",
    "revenue": 20068000000,
    "costOfRevenue": 10404000000,
    "grossProfit": 9664000000,
    "grossProfitRatio": 0.4815626869,
    "researchAndDevelopmentExpenses": 0,
    "generalAndAdministrativeExpenses": 0,
    "sellingAndMarketingExpenses": 0,
    "sellingGeneralAndAdministrativeExpenses": 5416000000,
    "otherExpenses": 0,
    "operatingExpenses": 5416000000,
    "costAndExpenses": 15820000000,
    "interestIncome": 83000000,
    "interestExpense": 222000000,
    "depreciationAndAmortization": 692000000,
    "ebitda": 5202000000,
    "ebitdaratio": 0.2592186566,
    "operatingIncome": 4248000000,
    "operatingIncomeRatio": 0.211680287,
    "totalOtherIncomeExpensesNet": 40000000,
    "incomeBeforeTax": 4288000000,
    "incomeBeforeTaxRatio": 0.2136735101,
    "incomeTaxExpense": 864000000,
    "netIncome": 3397000000,
    "netIncomeRatio": 0.1692744668,
    "eps": 1.41,
    "epsdiluted": 1.37,
    "weightedAverageShsOut": 2359100000,
    "weightedAverageShsOutDil": 2473200000,
    "link": "https://www.sec.gov/Archives/edgar/data/80424/000008042423000046/0000080424-23-000046-index.htm",
    "finalLink": "https://www.sec.gov/Archives/edgar/data/80424/000008042423000046/pg-20230331.htm"
  },
  {
    "date": "2022-12-31",
    "symbol": "PG",
    "reportedCurrency": "USD",
    "cik": "0000080424",
    "fillingDate": "2023-01-19",
    "acceptedDate": "2023-01-19 16:14:25",
    "calendarYear": "2023",
    "period": "Q2",
    "revenue": 20773000000,
    "costOfRevenue": 10897000000,
    "grossProfit": 9876000000,
    "grossProfitRatio": 0.4754248303,
    "researchAndDevelopmentExpenses": 0,
    "generalAndAdministrativeExpenses": 0,
    "sellingAndMarketingExpenses": 0,
    "sellingGeneralAndAdministrativeExpenses": 5091000000,
    "otherExpenses": 0,
    "operatingExpenses": 5091000000,
    "costAndExpenses": 15988000000,
    "interestIncome": 66000000,
    "interestExpense": 171000000,
    "depreciationAndAmortization": 653000000,
    "ebitda": 5659000000,
    "ebitdaratio": 0.272420931,
    "operatingIncome": 4785000000,
    "operatingIncomeRatio": 0.2303470852,
    "totalOtherIncomeExpensesNet": 50000000,
    "incomeBeforeTax": 4835000000,
    "incomeBeforeTaxRatio": 0.2327540557,
    "incomeTaxExpense": 876000000,
    "netIncome": 3933000000,
    "netIncomeRatio": 0.1893323064,
    "eps": 1.63,
    "epsdiluted": 1.59,
    "weightedAverageShsOut": 2365900000,
    "weightedAverageShsOutDil": 2481200000,
    "link": "https://www.sec.gov/Archives/edgar/data/80424/000008042423000014/0000080424-23-000014-index.htm",
    "finalLink": "https://www.sec.gov/Archives/edgar/data/80424/000008042423000014/pg-20221231.htm"
  },
  {
    "date": "2022-09-30",
    "symbol": "PG",
    "reportedCurrency": "USD",
    "cik": "0000080424",
    "fillingDate": "2022-10-19",
    "acceptedDate": "2022-10-19 16:16:47",
    "calendarYear": "2023",
    "period": "Q1",
    "revenue": 20612000000,
    "costOfRevenue": 10846000000,
    "grossProfit": 9766000000,
    "grossProfitRatio": 0.4738016689,
    "researchAndDevelopmentExpenses": 0,
    "generalAndAdministrativeExpenses": 0,
    "sellingAndMarketingExpenses": 0,
    "sellingGeneralAndAdministrativeExpenses": 4827000000,
    "otherExpenses": 0,
    "operatingExpenses": 4827000000,
    "costAndExpenses": 15673000000,
    "interestIncome": 42000000,
    "interestExpense": 123000000,
    "depreciationAndAmortization": 663000000,
    "ebitda": 5783000000,
    "ebitdaratio": 0.2805647196,
    "operatingIncome": 4939000000,
    "operatingIncomeRatio": 0.2396176984,
    "totalOtherIncomeExpensesNet": 58000000,
    "incomeBeforeTax": 4997000000,
    "incomeBeforeTaxRatio": 0.2424315932,
    "incomeTaxExpense": 1034000000,
    "netIncome": 3939000000,
    "netIncomeRatio": 0.1911022705,
    "eps": 1.65,
    "epsdiluted": 1.57,
    "weightedAverageShsOut": 2385500000,
    "weightedAverageShsOutDil": 2503600000,
    "link": "https://www.sec.gov/Archives/edgar/data/80424/000008042422000102/0000080424-22-000102-index.htm",
    "finalLink": "https://www.sec.gov/Archives/edgar/data/80424/000008042422000102/pg-20220930.htm"
  },
  {
    "date": "2022-06-30",
    "symbol": "PG",
    "reportedCurrency": "USD",
    "cik": "0000080424",
    "fillingDate": "2022-08-05",
    "acceptedDate": "2022-08-05 16:21:50",
    "calendarYear": "2022",
    "period": "Q4",
    "revenue": 19515000000,
    "costOfRevenue": 10802000000,
    "grossProfit": 8713000000,
    "grossProfitRatio": 0.4464770689,
    "researchAndDevelopmentExpenses": 0,
    "generalAndAdministrativeExpenses": 0,
    "sellingAndMarketingExpenses": 0,
    "sellingGeneralAndAdministrativeExpenses": 5115000000,
    "otherExpenses": 0,
    "operatingExpenses": 5115000000,
    "costAndExpenses": 15917000000,
    "interestIncome": 21000000,
    "interestExpense": 115000000,
    "depreciationAndAmortization": 722000000,
    "ebitda": 4487000000,
    "ebitdaratio": 0.2299256982,
    "operatingIncome": 3598000000,
    "operatingIncomeRatio": 0.1843709967,
    "totalOtherIncomeExpensesNet": 52000000,
    "incomeBeforeTax": 3650000000,
    "incomeBeforeTaxRatio": 0.1870356136,
    "incomeTaxExpense": 592000000,
    "netIncome": 3052000000,
    "netIncomeRatio": 0.1563925186,
    "eps": 1.27,
    "epsdiluted": 1.21,
    "weightedAverageShsOut": 2399200000,
    "weightedAverageShsOutDil": 2523300000,
    "link": "https://www.sec.gov/Archives/edgar/data/80424/000008042422000064/0000080424-22-000064-index.htm",
    "finalLink": "https://www.sec.gov/Archives/edgar/data/80424/000008042422000064/pg-20220630.htm"
  },
  {
    "date": "2022-03-31",
    "symbol": "PG",
    "reportedCurrency": "USD",
    "cik": "0000080424",
    "fillingDate": "2022-04-20",
    "acceptedDate": "2022-04-20 16:16:34",
    "calendarYear": "2022",
    "period": "Q3",
    "revenue": 19381000000,
    "costOfRevenue": 10326000000,
    "grossProfit": 9055000000,
    "grossProfitRatio": 0.4672101543,
    "researchAndDevelopmentExpenses": 0,
    "generalAndAdministrativeExpenses": 0,
    "sellingAndMarketingExpenses": 0,
    "sellingGeneralAndAdministrativeExpenses": 5031000000,
    "otherExpenses": 0,
    "operatingExpenses": 5031000000,
    "costAndExpenses": 15357000000,
    "interestIncome": 9000000,
    "interestExpense": 109000000,
    "depreciationAndAmortization": 690000000,
    "ebitda": 4870000000,
    "ebitdaratio": 0.2512770239,
    "operatingIncome": 4024000000,
    "operatingIncomeRatio": 0.2076260255,
    "totalOtherIncomeExpensesNet": 47000000,
    "incomeBeforeTax": 4071000000,
    "incomeBeforeTaxRatio": 0.210051081,
    "incomeTaxExpense": 704000000,
    "netIncome": 3355000000,
    "netIncomeRatio": 0.1731076828,
    "eps": 1.35,
    "epsdiluted": 1.33,
    "weightedAverageShsOut": 2478917511,
    "weightedAverageShsOutDil": 2530200000,
    "link": "https://www.sec.gov/Archives/edgar/data/80424/000008042422000035/0000080424-22-000035-index.htm",
    "finalLink": "https://www.sec.gov/Archives/edgar/data/80424/000008042422000035/pg-20220331.htm"
  },
  {
    "date": "2021-12-31",
    "symbol": "PG",
    "reportedCurrency": "USD",
    "cik": "0000080424",
    "fillingDate": "2022-01-19",
    "acceptedDate": "2022-01-19 16:17:41",
    "calendarYear": "2022",
    "period": "Q2",
    "revenue": 20953000000,
    "costOfRevenue": 10664000000,
    "grossProfit": 10289000000,
    "grossProfitRatio": 0.4910514008,
    "researchAndDevelopmentExpenses": 0,
    "generalAndAdministrativeExpenses": 0,
    "sellingAndMarketingExpenses": 0,
    "sellingGeneralAndAdministrativeExpenses": 5121000000,
    "otherExpenses": 0,
    "operatingExpenses": 5121000000,
    "costAndExpenses": 15785000000,
    "interestIncome": 10000000,
    "interestExpense": 106000000,
    "depreciationAndAmortization": 684000000,
    "ebitda": 6029000000,
    "ebitdaratio": 0.2877392259,
    "operatingIncome": 5168000000,
    "operatingIncomeRatio": 0.2466472581,
    "totalOtherIncomeExpensesNet": 71000000,
    "incomeBeforeTax": 5239000000,
    "incomeBeforeTaxRatio": 0.2500357944,
    "incomeTaxExpense": 997000000,
    "netIncome": 4223000000,
    "netIncomeRatio": 0.2015463179,
    "eps": 1.72,
    "epsdiluted": 1.66,
    "weightedAverageShsOut": 2413400000,
    "weightedAverageShsOutDil": 2544200000,
    "link": "https://www.sec.gov/Archives/edgar/data/80424/000008042422000016/0000080424-22-000016-index.htm",
    "finalLink": "https://www.sec.gov/Archives/edgar/data/80424/000008042422000016/pg-20211231.htm"
  },
  {
    "date": "2021-09-30",
    "symbol": "PG",
    "reportedCurrency": "USD",
    "cik": "0000080424",
    "fillingDate": "2021-10-19",
    "acceptedDate": "2021-10-19 16:27:06",
    "calendarYear": "2022",
    "period": "Q1",
    "revenue": 20338000000,
    "costOfRevenue": 10365000000,
    "grossProfit": 9973000000,
    "grossProfitRatio": 0.4903628675,
    "researchAndDevelopmentExpenses": 0,
    "generalAndAdministrativeExpenses": 0,
    "sellingAndMarketingExpenses": 0,
    "sellingGeneralAndAdministrativeExpenses": 4950000000,
    "otherExpenses": 0,
    "operatingExpenses": 4950000000,
    "costAndExpenses": 15315000000,
    "interestIncome": 11000000,
    "interestExpense": 109000000,
    "depreciationAndAmortization": 711000000,
    "ebitda": 5855000000,
    "ebitdaratio": 0.2878847478,
    "operatingIncome": 5023000000,
    "operatingIncomeRatio": 0.2469761038,
    "totalOtherIncomeExpensesNet": 12000000,
    "incomeBeforeTax": 5035000000,
    "incomeBeforeTaxRatio": 0.2475661324,
    "incomeTaxExpense": 909000000,
    "netIncome": 4112000000,
    "netIncomeRatio": 0.2021831055,
    "eps": 1.66,
    "epsdiluted": 1.61,
    "weightedAverageShsOut": 2428100000,
    "weightedAverageShsOutDil": 2558900000,
    "link": "https://www.sec.gov/Archives/edgar/data/80424/000008042421000129/0000080424-21-000129-index.htm",
    "finalLink": "https://www.sec.gov/Archives/edgar/data/80424/000008042421000129/pg-20210930.htm"
  },
  {
    "date": "2021-06-30",
    "symbol": "PG",
    "reportedCurrency": "USD",
    "cik": "0000080424",
    "fillingDate": "2021-08-06",
    "acceptedDate": "2021-08-06 16:19:59",
    "calendarYear": "2021",
    "period": "Q4",
    "revenue": 18946000000,
    "costOfRevenue": 9791000000,
    "grossProfit": 9155000000,
    "grossProfitRatio": 0.4832154544,
    "researchAndDevelopmentExpenses": 0,
    "generalAndAdministrativeExpenses": 0,
    "sellingAndMarketingExpenses": 0,
    "sellingGeneralAndAdministrativeExpenses": 5615000000,
    "otherExpenses": 0,
    "operatingExpenses": 5615000000,
    "costAndExpenses": 15406000000,
    "interestIncome": 15000000,
    "interestExpense": 117000000,
    "depreciationAndAmortization": 710000000,
    "ebitda": 4391000000,
    "ebitdaratio": 0.2317639607,
    "operatingIncome": 3540000000,
    "operatingIncomeRatio": 0.1868468278,
    "totalOtherIncomeExpensesNet": 24000000,
    "incomeBeforeTax": 3564000000,
    "incomeBeforeTaxRatio": 0.188113586,
    "incomeTaxExpense": 656000000,
    "netIncome": 2906000000,
    "netIncomeRatio": 0.1533832999,
    "eps": 1.16,
    "epsdiluted": 1.13,
    "weightedAverageShsOut": 2505172414,
    "weightedAverageShsOutDil": 2573100000,
    "link": "https://www.sec.gov/Archives/edgar/data/80424/000008042421000100/0000080424-21-000100-index.htm",
    "finalLink": "https://www.sec.gov/Archives/edgar/data/80424/000008042421000100/pg-20210630.htm"
  },
  {
    "date": "2021-03-31",
    "symbol": "PG",
    "reportedCurrency": "USD",
    "cik": "0000080424",
    "fillingDate": "2021-04-20",
    "acceptedDate": "2021-04-20 16:25:09",
    "calendarYear": "2021",
    "period": "Q3",
    "revenue": 18109000000,
    "costOfRevenue": 8922000000,
    "grossProfit": 9187000000,
    "grossProfitRatio": 0.5073168038,
    "researchAndDevelopmentExpenses": 0,
    "generalAndAdministrativeExpenses": 0,
    "sellingAndMarketingExpenses": 0,
    "sellingGeneralAndAdministrativeExpenses": 5402000000,
    "otherExpenses": 0,
    "operatingExpenses": 5402000000,
    "costAndExpenses": 14324000000,
    "interestIncome": 11000000,
    "interestExpense": 106000000,
    "depreciationAndAmortization": 683000000,
    "ebitda": 4666000000,
    "ebitdaratio": 0.2576619361,
    "operatingIncome": 3785000000,
    "operatingIncomeRatio": 0.2090120934,
    "totalOtherIncomeExpensesNet": 92000000,
    "incomeBeforeTax": 3877000000,
    "incomeBeforeTaxRatio": 0.2140924402,
    "incomeTaxExpense": 628000000,
    "netIncome": 3269000000,
    "netIncomeRatio": 0.1805179745,
    "eps": 1.3,
    "epsdiluted": 1.26,
    "weightedAverageShsOut": 2459100000,
    "weightedAverageShsOutDil": 2590300000,
    "link": "https://www.sec.gov/Archives/edgar/data/80424/000008042421000062/0000080424-21-000062-index.htm",
    "finalLink": "https://www.sec.gov/Archives/edgar/data/80424/000008042421000062/pg-20210331.htm"
  },
  {
    "date": "2020-12-31",
    "symbol": "PG",
    "reportedCurrency": "USD",
    "cik": "0000080424",
    "fillingDate": "2021-01-20",
    "acceptedDate": "2021-01-20 16:17:09",
    "calendarYear": "2021",
    "period": "Q2",
    "revenue": 19745000000,
    "costOfRevenue": 9253000000,
    "grossProfit": 10492000000,
    "grossProfitRatio": 0.5313750317,
    "researchAndDevelopmentExpenses": 0,
    "generalAndAdministrativeExpenses": 0,
    "sellingAndMarketingExpenses": 0,
    "sellingGeneralAndAdministrativeExpenses": 5112000000,
    "otherExpenses": 0,
    "operatingExpenses": 5112000000,
    "costAndExpenses": 14365000000,
    "interestIncome": 9000000,
    "interestExpense": 143000000,
    "depreciationAndAmortization": 671000000,
    "ebitda": 5691000000,
    "ebitdaratio": 0.2882248671,
    "operatingIncome": 5380000000,
    "operatingIncomeRatio": 0.2724740441,
    "totalOtherIncomeExpensesNet": -503000000,
    "incomeBeforeTax": 4877000000,
    "incomeBeforeTaxRatio": 0.2469992403,
    "incomeTaxExpense": 990000000,
    "netIncome": 3854000000,
    "netIncomeRatio": 0.1951886554,
    "eps": 1.53,
    "epsdiluted": 1.47,
    "weightedAverageShsOut": 2518954248,
    "weightedAverageShsOutDil": 2615400000,
    "link": "https://www.sec.gov/Archives/edgar/data/80424/000008042421000026/0000080424-21-000026-index.htm",
    "finalLink": "https://www.sec.gov/Archives/edgar/data/80424/000008042421000026/pg-20201231.htm"
  },
  {
    "date": "2020-09-30",
    "symbol": "PG",
    "reportedCurrency": "USD",
    "cik": "0000080424",
    "fillingDate": "2020-10-20",
    "acceptedDate": "2020-10-20 16:18:06",
    "calendarYear": "2021",
    "period": "Q1",
    "revenue": 19318000000,
    "costOfRevenue": 9142000000,
    "grossProfit": 10176000000,
    "grossProfitRatio": 0.5267626048,
    "researchAndDevelopmentExpenses": 0,
    "generalAndAdministrativeExpenses": 0,
    "sellingAndMarketingExpenses": 0,
    "sellingGeneralAndAdministrativeExpenses": 4895000000,
    "otherExpenses": 0,
    "operatingExpenses": 4895000000,
    "costAndExpenses": 14037000000,
    "interestIncome": 10000000,
    "interestExpense": 136000000,
    "depreciationAndAmortization": 671000000,
    "ebitda": 6104000000,
    "ebitdaratio": 0.3159747386,
    "operatingIncome": 5281000000,
    "operatingIncomeRatio": 0.2733719847,
    "totalOtherIncomeExpensesNet": 16000000,
    "incomeBeforeTax": 5297000000,
    "incomeBeforeTaxRatio": 0.2742002278,
    "incomeTaxExpense": 989000000,
    "netIncome": 4277000000,
    "netIncomeRatio": 0.2213997308,
    "eps": 1.69,
    "epsdiluted": 1.63,
    "weightedAverageShsOut": 2486100000,
    "weightedAverageShsOutDil": 2625300000,
    "link": "https://www.sec.gov/Archives/edgar/data/80424/000008042420000097/0000080424-20-000097-index.htm",
    "finalLink": "https://www.sec.gov/Archives/edgar/data/80424/000008042420000097/pg-20200930.htm"
  },
  {
    "date": "2020-06-30",
    "symbol": "PG",
    "reportedCurrency": "USD",
    "cik": "0000080424",
    "fillingDate": "2020-08-06",
    "acceptedDate": "2020-08-06 16:17:03",
    "calendarYear": "2020",
    "period": "Q4",
    "revenue": 17698000000,
    "costOfRevenue": 8942000000,
    "grossProfit": 8756000000,
    "grossProfitRatio": 0.4947451689,
    "researchAndDevelopmentExpenses": 0,
    "generalAndAdministrativeExpenses": 0,
    "sellingAndMarketingExpenses": 0,
    "sellingGeneralAndAdministrativeExpenses": 5275000000,
    "otherExpenses": 0,
    "operatingExpenses": 5275000000,
    "costAndExpenses": 14217000000,
    "interestIncome": 22000000,
    "interestExpense": 157000000,
    "depreciationAndAmortization": 814000000,
    "ebitda": 4432000000,
    "ebitdaratio": 0.2504237767,
    "operatingIncome": 3481000000,
    "operatingIncomeRatio": 0.1966888914,
    "totalOtherIncomeExpensesNet": -20000000,
    "incomeBeforeTax": 3461000000,
    "incomeBeforeTaxRatio": 0.1955588202,
    "incomeTaxExpense": 675000000,
    "netIncome": 2800000000,
    "netIncomeRatio": 0.1582099672,
    "eps": 1.1,
    "epsdiluted": 1.07,
    "weightedAverageShsOut": 2545454545,
    "weightedAverageShsOutDil": 2612100000,
    "link": "https://www.sec.gov/Archives/edgar/data/80424/000008042420000053/0000080424-20-000053-index.htm",
    "finalLink": "https://www.sec.gov/Archives/edgar/data/80424/000008042420000053/pg-20200630.htm"
  },
  {
    "date": "2020-03-31",
    "symbol": "PG",
    "reportedCurrency": "USD",
    "cik": "0000080424",
    "fillingDate": "2020-04-20",
    "acceptedDate": "2020-04-20 16:17:10",
    "calendarYear": "2020",
    "period": "Q3",
    "revenue": 17214000000,
    "costOfRevenue": 8716000000,
    "grossProfit": 8498000000,
    "grossProfitRatio": 0.4936679447,
    "researchAndDevelopmentExpenses": 0,
    "generalAndAdministrativeExpenses": 0,
    "sellingAndMarketingExpenses": 0,
    "sellingGeneralAndAdministrativeExpenses": 5045000000,
    "otherExpenses": 0,
    "operatingExpenses": 5045000000,
    "costAndExpenses": 13761000000,
    "interestIncome": 39000000,
    "interestExpense": 100000000,
    "depreciationAndAmortization": 799000000,
    "ebitda": 4397000000,
    "ebitdaratio": 0.2554316254,
    "operatingIncome": 3453000000,
    "operatingIncomeRatio": 0.200592541,
    "totalOtherIncomeExpensesNet": 45000000,
    "incomeBeforeTax": 3498000000,
    "incomeBeforeTaxRatio": 0.2032066922,
    "incomeTaxExpense": 541000000,
    "netIncome": 2917000000,
    "netIncomeRatio": 0.1694550947,
    "eps": 1.15,
    "epsdiluted": 1.12,
    "weightedAverageShsOut": 2536521739,
    "weightedAverageShsOutDil": 2613300000,
    "link": "https://www.sec.gov/Archives/edgar/data/80424/000008042420000038/0000080424-20-000038-index.htm",
    "finalLink": "https://www.sec.gov/Archives/edgar/data/80424/000008042420000038/pg-20200331.htm"
  }
]