[
  {
    "date": "2024-12-31",
    "symbol": "UBER",
    "reportedCurrency": "USD",
    "cik": "0001543151",
    "fillingDate": "2025-02-14",
    "acceptedDate": "2025-02-14 16:06:34",
    "calendarYear": "2024",
    "period": "Q4",
    "revenue": 11959000000,
    "costOfRevenue": 7234000000,
    "grossProfit": 4725000000,
    "grossProfitRatio": 0.3950999247,
    "researchAndDevelopmentExpenses": 785000000,
    "generalAndAdministrativeExpenses": 1114000000,
    "sellingAndMarketingExpenses": 1209000000,
    "sellingGeneralAndAdministrativeExpenses": 2323000000,
    "otherExpenses": 847000000,
    "operatingExpenses": 3955000000,
    "costAndExpenses": 11189000000,
    "interestIncome": 0,
    "interestExpense": 0,
    "depreciationAndAmortization": 169000000,
    "ebitda": 1195000000,
    "ebitdaratio": 0.0999247429,
    "operatingIncome": 770000000,
    "operatingIncomeRatio": 0.0643866544,
    "totalOtherIncomeExpensesNet": 139000000,
    "incomeBeforeTax": 909000000,
    "incomeBeforeTaxRatio": 0.0760096998,
    "incomeTaxExpense": -6002000000,
    "netIncome": 6883000000,
    "netIncomeRatio": 0.5755497951,
    "eps": 3.27,
    "epsdiluted": 3.21,
    "weightedAverageShsOut": 2105899000,
    "weightedAverageShsOutDil": 2141426000,
    "link": "https://www.sec.gov/Archives/edgar/data/1543151/000154315125000008/0001543151-25-000008-index.htm",
    "finalLink": "https://www.sec.gov/Archives/edgar/data/1543151/000154315125000008/uber-20241231.htm"
  },
  {
    "date": "2024-09-30",
    "symbol": "UBER",
    "reportedCurrency": "USD",
    "cik": "0001543151",
    "fillingDate": "2024-10-31",
    "acceptedDate": "2024-10-31 16:06:41",
    "calendarYear": "2024",
    "period": "Q3",
    "revenue": 11188000000,
    "costOfRevenue": 6761000000,
    "grossProfit": 4427000000,
    "grossProfitRatio": 0.3956918127,
    "researchAndDevelopmentExpenses": 774000000,
    "generalAndAdministrativeExpenses": 630000000,
    "sellingAndMarketingExpenses": 1096000000,
    "sellingGeneralAndAdministrativeExpenses": 1726000000,
    "otherExpenses": 866000000,
    "operatingExpenses": 3366000000,
    "costAndExpenses": 10127000000,
    "interestIncome": 195000000,
    "interestExpense": 143000000,
    "depreciationAndAmortization": 186000000,
    "ebitda": 3098000000,
    "ebitdaratio": 0.2769038255,
    "operatingIncome": 1061000000,
    "operatingIncomeRatio": 0.0948337504,
    "totalOtherIncomeExpensesNet": 1708000000,
    "incomeBeforeTax": 2769000000,
    "incomeBeforeTaxRatio": 0.2474973186,
    "incomeTaxExpense": 158000000,
    "netIncome": 2612000000,
    "netIncomeRatio": 0.2334644262,
    "eps": 1.24,
    "epsdiluted": 1.21,
    "weightedAverageShsOut": 2101660000,
    "weightedAverageShsOutDil": 2154466000,
    "link": "https://www.sec.gov/Archives/edgar/data/1543151/000154315124000036/0001543151-24-000036-index.htm",
    "finalLink": "https://www.sec.gov/Archives/edgar/data/1543151/000154315124000036/uber-20240930.htm"
  },
  {
    "date": "2024-06-30",
    "symbol": "UBER",
    "reportedCurrency": "USD",
    "cik": "0001543151",
    "fillingDate": "2024-08-06",
    "acceptedDate": "2024-08-06 16:09:28",
    "calendarYear": "2024",
    "period": "Q2",
    "revenue": 10700000000,
    "costOfRevenue": 7343000000,
    "grossProfit": 3357000000,
    "grossProfitRatio": 0.3137383178,
    "researchAndDevelopmentExpenses": 760000000,
    "generalAndAdministrativeExpenses": 686000000,
    "sellingAndMarketingExpenses": 1115000000,
    "sellingGeneralAndAdministrativeExpenses": 1655000000,
    "otherExpenses": -6000000,
    "operatingExpenses": 2415000000,
    "costAndExpenses": 9758000000,
    "interestIncome": 176000000,
    "interestExpense": 139000000,
    "depreciationAndAmortization": 181000000,
    "ebitda": 977000000,
    "ebitdaratio": 0.0913084112,
    "operatingIncome": 942000000,
    "operatingIncomeRatio": 0.0880373832,
    "totalOtherIncomeExpensesNet": 281000000,
    "incomeBeforeTax": 1077000000,
    "incomeBeforeTaxRatio": 0.1006542056,
    "incomeTaxExpense": 57000000,
    "netIncome": 1015000000,
    "netIncomeRatio": 0.0948598131,
    "eps": 0.49,
    "epsdiluted": 0.47,
    "weightedAverageShsOut": 2092179999,
    "weightedAverageShsOutDil": 2150019000,
    "link": "https://www.sec.gov/Archives/edgar/data/1543151/000154315124000027/0001543151-24-000027-index.htm",
    "finalLink": "https://www.sec.gov/Archives/edgar/data/1543151/000154315124000027/uber-20240630.htm"
  },
  {
    "date": "2024-03-31",
    "symbol": "UBER",
    "reportedCurrency": "USD",
    "cik": "0001543151",
    "fillingDate": "2024-05-08",
    "acceptedDate": "2024-05-08 16:04:16",
    "calendarYear": "2024",
    "period": "Q1",
    "revenue": 10131000000,
    "costOfRevenue": 6168000000,
    "grossProfit": 3963000000,
    "grossProfitRatio": 0.3911755996,
    "researchAndDevelopmentExpenses": 790000000,
    "generalAndAdministrativeExpenses": 1209000000,
    "sellingAndMarketingExpenses": 917000000,
    "sellingGeneralAndAdministrativeExpenses": 2126000000,
    "otherExpenses": 48000000,
    "operatingExpenses": 3791000000,
    "costAndExpenses": 9959000000,
    "interestIncome": 159000000,
    "interestExpense": 124000000,
    "depreciationAndAmortization": 190000000,
    "ebitda": -316000000,
    "ebitdaratio": -0.0311913928,
    "operatingIncome": 172000000,
    "operatingIncomeRatio": 0.0169775935,
    "totalOtherIncomeExpensesNet": -802000000,
    "incomeBeforeTax": -630000000,
    "incomeBeforeTaxRatio": -0.0621853716,
    "incomeTaxExpense": 29000000,
    "netIncome": -654000000,
    "netIncomeRatio": -0.0645543382,
    "eps": -0.31,
    "epsdiluted": -0.31,
    "weightedAverageShsOut": 2078467000,
    "weightedAverageShsOutDil": 2080168000,
    "link": "https://www.sec.gov/Archives/edgar/data/1543151/000154315124000020/0001543151-24-000020-index.htm",
    "finalLink": "https://www.sec.gov/Archives/edgar/data/1543151/000154315124000020/uber-20240331.htm"
  },
  {
    "date": "2023-12-31",
    "symbol": "UBER",
    "reportedCurrency": "USD",
    "cik": "0001543151",
    "fillingDate": "2024-02-15",
    "acceptedDate": "2024-02-15 16:30:29",
    "calendarYear": "2023",
    "period": "Q4",
    "revenue": 9936000000,
    "costOfRevenue": 6057000000,
    "grossProfit": 3879000000,
    "grossProfitRatio": 0.3903985507,
    "researchAndDevelopmentExpenses": 784000000,
    "generalAndAdministrativeExpenses": 603000000,
    "sellingAndMarketingExpenses": 935000000,
    "sellingGeneralAndAdministrativeExpenses": 1538000000,
    "otherExpenses": -36000000,
    "operatingExpenses": 3227000000,
    "costAndExpenses": 9284000000,
    "interestIncome": 160000000,
    "interestExpense": 155000000,
    "depreciationAndAmortization": 203000000,
    "ebitda": 855000000,
    "ebitdaratio": 0.0860507246,
    "operatingIncome": 652000000,
    "operatingIncomeRatio": 0.0656199678,
    "totalOtherIncomeExpensesNet": 1176000000,
    "incomeBeforeTax": 1828000000,
    "incomeBeforeTaxRatio": 0.1839774557,
    "incomeTaxExpense": 133000000,
    "netIncome": 1429000000,
    "netIncomeRatio": 0.1438204509,
    "eps": 0.69,
    "epsdiluted": 0.66,
    "weightedAverageShsOut": 2060885000,
    "weightedAverageShsOutDil": 2121929000,
    "link": "https://www.sec.gov/Archives/edgar/data/1543151/000154315124000012/0001543151-24-000012-index.htm",
    "finalLink": "https://www.sec.gov/Archives/edgar/data/1543151/000154315124000012/uber-20231231.htm"
  },
  {
    "date": "2023-09-30",
    "symbol": "UBER",
    "reportedCurrency": "USD",
    "cik": "0001543151",
    "fillingDate": "2023-11-07",
    "acceptedDate": "2023-11-07 16:08:11",
    "calendarYear": "2023",
    "period": "Q3",
    "revenue": 9292000000,
    "costOfRevenue": 5626000000,
    "grossProfit": 3666000000,
    "grossProfitRatio": 0.3945329316,
    "researchAndDevelopmentExpenses": 797000000,
    "generalAndAdministrativeExpenses": 646000000,
    "sellingAndMarketingExpenses": 941000000,
    "sellingGeneralAndAdministrativeExpenses": 1587000000,
    "otherExpenses": 6000000,
    "operatingExpenses": 3272000000,
    "costAndExpenses": 8898000000,
    "interestIncome": 130000000,
    "interestExpense": 166000000,
    "depreciationAndAmortization": 205000000,
    "ebitda": 599000000,
    "ebitdaratio": 0.0644640551,
    "operatingIncome": 394000000,
    "operatingIncomeRatio": 0.0424020663,
    "totalOtherIncomeExpensesNet": -218000000,
    "incomeBeforeTax": 176000000,
    "incomeBeforeTaxRatio": 0.0189410245,
    "incomeTaxExpense": -40000000,
    "netIncome": 221000000,
    "netIncomeRatio": 0.0237839001,
    "eps": 0.11,
    "epsdiluted": 0.1,
    "weightedAverageShsOut": 2044688000,
    "weightedAverageShsOutDil": 2108479000,
    "link": "https://www.sec.gov/Archives/edgar/data/1543151/000154315123000039/0001543151-23-000039-index.htm",
    "finalLink": "https://www.sec.gov/Archives/edgar/data/1543151/000154315123000039/uber-20230930.htm"
  },
  {
    "date": "2023-06-30",
    "symbol": "UBER",
    "reportedCurrency": "USD",
    "cik": "0001543151",
    "fillingDate": "2023-08-02",
    "acceptedDate": "2023-08-02 16:07:32",
    "calendarYear": "2023",
    "period": "Q2",
    "revenue": 9230000000,
    "costOfRevenue": 5515000000,
    "grossProfit": 3715000000,
    "grossProfitRatio": 0.4024918743,
    "researchAndDevelopmentExpenses": 808000000,
    "generalAndAdministrativeExpenses": 491000000,
    "sellingAndMarketingExpenses": 1218000000,
    "sellingGeneralAndAdministrativeExpenses": 1709000000,
    "otherExpenses": -147000000,
    "operatingExpenses": 3389000000,
    "costAndExpenses": 8904000000,
    "interestIncome": 107000000,
    "interestExpense": 144000000,
    "depreciationAndAmortization": 208000000,
    "ebitda": 534000000,
    "ebitdaratio": 0.0578548212,
    "operatingIncome": 326000000,
    "operatingIncomeRatio": 0.03531961,
    "totalOtherIncomeExpensesNet": 129000000,
    "incomeBeforeTax": 455000000,
    "incomeBeforeTaxRatio": 0.0492957746,
    "incomeTaxExpense": 65000000,
    "netIncome": 394000000,
    "netIncomeRatio": 0.0426868906,
    "eps": 0.19,
    "epsdiluted": 0.18,
    "weightedAverageShsOut": 2026813000,
    "weightedAverageShsOutDil": 2079265000,
    "link": "https://www.sec.gov/Archives/edgar/data/1543151/000154315123000025/0001543151-23-000025-index.htm",
    "finalLink": "https://www.sec.gov/Archives/edgar/data/1543151/000154315123000025/uber-20230630.htm"
  },
  {
    "date": "2023-03-31",
    "symbol": "UBER",
    "reportedCurrency": "USD",
    "cik": "0001543151",
    "fillingDate": "2023-05-03",
    "acceptedDate": "2023-05-03 16:06:08",
    "calendarYear": "2023",
    "period": "Q1",
    "revenue": 8823000000,
    "costOfRevenue": 5259000000,
    "grossProfit": 3564000000,
    "grossProfitRatio": 0.4039442367,
    "researchAndDevelopmentExpenses": 775000000,
    "generalAndAdministrativeExpenses": 942000000,
    "sellingAndMarketingExpenses": 1262000000,
    "sellingGeneralAndAdministrativeExpenses": 2204000000,
    "otherExpenses": -21000000,
    "operatingExpenses": 3826000000,
    "costAndExpenses": 9085000000,
    "interestIncome": 87000000,
    "interestExpense": 168000000,
    "depreciationAndAmortization": 207000000,
    "ebitda": -55000000,
    "ebitdaratio": -0.0062337074,
    "operatingIncome": -262000000,
    "operatingIncomeRatio": -0.029695115,
    "totalOtherIncomeExpensesNet": 124000000,
    "incomeBeforeTax": -138000000,
    "incomeBeforeTaxRatio": -0.0156409385,
    "incomeTaxExpense": 55000000,
    "netIncome": -157000000,
    "netIncomeRatio": -0.017794401,
    "eps": -0.0781,
    "epsdiluted": -0.0781,
    "weightedAverageShsOut": 2009557000,
    "weightedAverageShsOutDil": 2009557000,
    "link": "https://www.sec.gov/Archives/edgar/data/1543151/000154315123000016/0001543151-23-000016-index.htm",
    "finalLink": "https://www.sec.gov/Archives/edgar/data/1543151/000154315123000016/uber-20230331.htm"
  },
  {
    "date": "2022-12-31",
    "symbol": "UBER",
    "reportedCurrency": "USD",
    "cik": "0001543151",
    "fillingDate": "2023-02-21",
    "acceptedDate": "2023-02-21 16:10:08",
    "calendarYear": "2022",
    "period": "Q4",
    "revenue": 8607000000,
    "costOfRevenue": 5307000000,
    "grossProfit": 3300000000,
    "grossProfitRatio": 0.3834088533,
    "researchAndDevelopmentExpenses": 747000000,
    "generalAndAdministrativeExpenses": 745000000,
    "sellingAndMarketingExpenses": 1122000000,
    "sellingGeneralAndAdministrativeExpenses": 1867000000,
    "otherExpenses": 828000000,
    "operatingExpenses": 3442000000,
    "costAndExpenses": 8749000000,
    "interestIncome": 73000000,
    "interestExpense": 151000000,
    "depreciationAndAmortization": 223000000,
    "ebitda": 156000000,
    "ebitdaratio": 0.0181247822,
    "operatingIncome": -67000000,
    "operatingIncomeRatio": -0.0077843616,
    "totalOtherIncomeExpensesNet": 616000000,
    "incomeBeforeTax": 474000000,
    "incomeBeforeTaxRatio": 0.0550714535,
    "incomeTaxExpense": -84000000,
    "netIncome": 595000000,
    "netIncomeRatio": 0.0691297781,
    "eps": 0.3,
    "epsdiluted": 0.29,
    "weightedAverageShsOut": 1994800000,
    "weightedAverageShsOutDil": 2060574999,
    "link": "https://www.sec.gov/Archives/edgar/data/1543151/000154315123000010/0001543151-23-000010-index.htm",
    "finalLink": "https://www.sec.gov/Archives/edgar/data/1543151/000154315123000010/uber-20221231.htm"
  },
  {
    "date": "2022-09-30",
    "symbol": "UBER",
    "reportedCurrency": "USD",
    "cik": "0001543151",
    "fillingDate": "2022-11-02",
    "acceptedDate": "2022-11-02 16:15:18",
    "calendarYear": "2022",
    "period": "Q3",
    "revenue": 8343000000,
    "costOfRevenue": 5173000000,
    "grossProfit": 3170000000,
    "grossProfitRatio": 0.3799592473,
    "researchAndDevelopmentExpenses": 760000000,
    "generalAndAdministrativeExpenses": 908000000,
    "sellingAndMarketingExpenses": 1153000000,
    "sellingGeneralAndAdministrativeExpenses": 2061000000,
    "otherExpenses": 1000000,
    "operatingExpenses": 3665000000,
    "costAndExpenses": 8838000000,
    "interestIncome": 38000000,
    "interestExpense": 146000000,
    "depreciationAndAmortization": 227000000,
    "ebitda": -803000000,
    "ebitdaratio": -0.0962483519,
    "operatingIncome": -495000000,
    "operatingIncomeRatio": -0.0593311758,
    "totalOtherIncomeExpensesNet": -681000000,
    "incomeBeforeTax": -1176000000,
    "incomeBeforeTaxRatio": -0.1409564905,
    "incomeTaxExpense": 58000000,
    "netIncome": -1206000000,
    "netIncomeRatio": -0.1445523193,
    "eps": -0.61,
    "epsdiluted": -0.61,
    "weightedAverageShsOut": 1979299000,
    "weightedAverageShsOutDil": 1979299000,
    "link": "https://www.sec.gov/Archives/edgar/data/1543151/000154315122000034/0001543151-22-000034-index.htm",
    "finalLink": "https://www.sec.gov/Archives/edgar/data/1543151/000154315122000034/uber-20220930.htm"
  },
  {
    "date": "2022-06-30",
    "symbol": "UBER",
    "reportedCurrency": "USD",
    "cik": "0001543151",
    "fillingDate": "2022-08-04",
    "acceptedDate": "2022-08-04 17:07:27",
    "calendarYear": "2022",
    "period": "Q2",
    "revenue": 8073000000,
    "costOfRevenue": 5153000000,
    "grossProfit": 2920000000,
    "grossProfitRatio": 0.3616994921,
    "researchAndDevelopmentExpenses": 704000000,
    "generalAndAdministrativeExpenses": 851000000,
    "sellingAndMarketingExpenses": 1218000000,
    "sellingGeneralAndAdministrativeExpenses": 2069000000,
    "otherExpenses": 860000000,
    "operatingExpenses": 3633000000,
    "costAndExpenses": 8786000000,
    "interestIncome": 17000000,
    "interestExpense": 139000000,
    "depreciationAndAmortization": 265000000,
    "ebitda": -2174000000,
    "ebitdaratio": -0.2692927041,
    "operatingIncome": -713000000,
    "operatingIncomeRatio": -0.0883190883,
    "totalOtherIncomeExpensesNet": -1843000000,
    "incomeBeforeTax": -2556000000,
    "incomeBeforeTaxRatio": -0.3166109253,
    "incomeTaxExpense": 77000000,
    "netIncome": -2633000000,
    "netIncomeRatio": -0.3261488914,
    "eps": -1.34,
    "epsdiluted": -1.34,
    "weightedAverageShsOut": 1964304000,
    "weightedAverageShsOutDil": 1968882000,
    "link": "https://www.sec.gov/Archives/edgar/data/1543151/000154315122000024/0001543151-22-000024-index.htm",
    "finalLink": "https://www.sec.gov/Archives/edgar/data/1543151/000154315122000024/uber-20220630.htm"
  },
  {
    "date": "2022-03-31",
    "symbol": "UBER",
    "reportedCurrency": "USD",
    "cik": "0001543151",
    "fillingDate": "2022-05-05",
    "acceptedDate": "2022-05-05 16:07:20",
    "calendarYear": "2022",
    "period": "Q1",
    "revenue": 6854000000,
    "costOfRevenue": 4026000000,
    "grossProfit": 2828000000,
    "grossProfitRatio": 0.4126057776,
    "researchAndDevelopmentExpenses": 587000000,
    "generalAndAdministrativeExpenses": 632000000,
    "sellingAndMarketingExpenses": 1263000000,
    "sellingGeneralAndAdministrativeExpenses": 1895000000,
    "otherExpenses": 828000000,
    "operatingExpenses": 3310000000,
    "costAndExpenses": 7336000000,
    "interestIncome": 11000000,
    "interestExpense": 129000000,
    "depreciationAndAmortization": 258000000,
    "ebitda": -5785000000,
    "ebitdaratio": -0.8440326816,
    "operatingIncome": -482000000,
    "operatingIncomeRatio": -0.0703238985,
    "totalOtherIncomeExpensesNet": -5686000000,
    "incomeBeforeTax": -6168000000,
    "incomeBeforeTaxRatio": -0.8999124599,
    "incomeTaxExpense": -232000000,
    "netIncome": -5936000000,
    "netIncomeRatio": -0.8660636125,
    "eps": -3.04,
    "epsdiluted": -3.03,
    "weightedAverageShsOut": 1953989000,
    "weightedAverageShsOutDil": 1957731000,
    "link": "https://www.sec.gov/Archives/edgar/data/1543151/000154315122000015/0001543151-22-000015-index.htm",
    "finalLink": "https://www.sec.gov/Archives/edgar/data/1543151/000154315122000015/uber-20220331.htm"
  },
  {
    "date": "2021-12-31",
    "symbol": "UBER",
    "reportedCurrency": "USD",
    "cik": "0001543151",
    "fillingDate": "2022-02-24",
    "acceptedDate": "2022-02-24 16:33:34",
    "calendarYear": "2021",
    "period": "Q4",
    "revenue": 5778000000,
    "costOfRevenue": 3104000000,
    "grossProfit": 2674000000,
    "grossProfitRatio": 0.4627898927,
    "researchAndDevelopmentExpenses": 558000000,
    "generalAndAdministrativeExpenses": 611000000,
    "sellingAndMarketingExpenses": 1262000000,
    "sellingGeneralAndAdministrativeExpenses": 1873000000,
    "otherExpenses": 51000000,
    "operatingExpenses": 3224000000,
    "costAndExpenses": 6328000000,
    "interestIncome": 9000000,
    "interestExpense": 130000000,
    "depreciationAndAmortization": 246000000,
    "ebitda": -304000000,
    "ebitdaratio": -0.052613361,
    "operatingIncome": -550000000,
    "operatingIncomeRatio": -0.0951886466,
    "totalOtherIncomeExpensesNet": 1341000000,
    "incomeBeforeTax": 791000000,
    "incomeBeforeTaxRatio": 0.1368985808,
    "incomeTaxExpense": -97000000,
    "netIncome": 892000000,
    "netIncomeRatio": 0.1543786777,
    "eps": 0.46,
    "epsdiluted": 0.44,
    "weightedAverageShsOut": 1936736000,
    "weightedAverageShsOutDil": 2005591000,
    "link": "https://www.sec.gov/Archives/edgar/data/1543151/000154315122000008/0001543151-22-000008-index.htm",
    "finalLink": "https://www.sec.gov/Archives/edgar/data/1543151/000154315122000008/uber-20211231.htm"
  },
  {
    "date": "2021-09-30",
    "symbol": "UBER",
    "reportedCurrency": "USD",
    "cik": "0001543151",
    "fillingDate": "2021-11-09",
    "acceptedDate": "2021-11-09 15:17:43",
    "calendarYear": "2021",
    "period": "Q3",
    "revenue": 4845000000,
    "costOfRevenue": 2438000000,
    "grossProfit": 2407000000,
    "grossProfitRatio": 0.4968008256,
    "researchAndDevelopmentExpenses": 493000000,
    "generalAndAdministrativeExpenses": 625000000,
    "sellingAndMarketingExpenses": 1168000000,
    "sellingGeneralAndAdministrativeExpenses": 1793000000,
    "otherExpenses": 202000000,
    "operatingExpenses": 2979000000,
    "costAndExpenses": 5417000000,
    "interestIncome": 10000000,
    "interestExpense": 123000000,
    "depreciationAndAmortization": 218000000,
    "ebitda": -2186000000,
    "ebitdaratio": -0.4511867905,
    "operatingIncome": -572000000,
    "operatingIncomeRatio": -0.1180598555,
    "totalOtherIncomeExpensesNet": -1955000000,
    "incomeBeforeTax": -2527000000,
    "incomeBeforeTaxRatio": -0.5215686275,
    "incomeTaxExpense": -101000000,
    "netIncome": -2424000000,
    "netIncomeRatio": -0.5003095975,
    "eps": -1.28,
    "epsdiluted": -1.28,
    "weightedAverageShsOut": 1893750000,
    "weightedAverageShsOutDil": 1898954000,
    "link": "https://www.sec.gov/Archives/edgar/data/1543151/000154315121000047/0001543151-21-000047-index.htm",
    "finalLink": "https://www.sec.gov/Archives/edgar/data/1543151/000154315121000047/uber-20210930.htm"
  },
  {
    "date": "2021-06-30",
    "symbol": "UBER",
    "reportedCurrency": "USD",
    "cik": "0001543151",
    "fillingDate": "2021-08-05",
    "acceptedDate": "2021-08-05 16:12:54",
    "calendarYear": "2021",
    "period": "Q2",
    "revenue": 3929000000,
    "costOfRevenue": 2099000000,
    "grossProfit": 1830000000,
    "grossProfitRatio": 0.4657673708,
    "researchAndDevelopmentExpenses": 488000000,
    "generalAndAdministrativeExpenses": 616000000,
    "sellingAndMarketingExpenses": 1256000000,
    "sellingGeneralAndAdministrativeExpenses": 1872000000,
    "otherExpenses": 18000000,
    "operatingExpenses": 3018000000,
    "costAndExpenses": 5117000000,
    "interestIncome": 13000000,
    "interestExpense": 115000000,
    "depreciationAndAmortization": 226000000,
    "ebitda": -962000000,
    "ebitdaratio": -0.2448460168,
    "operatingIncome": -1188000000,
    "operatingIncomeRatio": -0.3023670145,
    "totalOtherIncomeExpensesNet": 1828000000,
    "incomeBeforeTax": 640000000,
    "incomeBeforeTaxRatio": 0.1628913209,
    "incomeTaxExpense": -479000000,
    "netIncome": 1144000000,
    "netIncomeRatio": 0.2911682362,
    "eps": 0.61,
    "epsdiluted": 0.58,
    "weightedAverageShsOut": 1875156000,
    "weightedAverageShsOutDil": 1955975000,
    "link": "https://www.sec.gov/Archives/edgar/data/1543151/000154315121000038/0001543151-21-000038-index.htm",
    "finalLink": "https://www.sec.gov/Archives/edgar/data/1543151/000154315121000038/uber-20210630.htm"
  },
  {
    "date": "2021-03-31",
    "symbol": "UBER",
    "reportedCurrency": "USD",
    "cik": "0001543151",
    "fillingDate": "2021-05-06",
    "acceptedDate": "2021-05-06 16:23:37",
    "calendarYear": "2021",
    "period": "Q1",
    "revenue": 2903000000,
    "costOfRevenue": 1710000000,
    "grossProfit": 1193000000,
    "grossProfitRatio": 0.4109541853,
    "researchAndDevelopmentExpenses": 515000000,
    "generalAndAdministrativeExpenses": 464000000,
    "sellingAndMarketingExpenses": 1103000000,
    "sellingGeneralAndAdministrativeExpenses": 1567000000,
    "otherExpenses": -17000000,
    "operatingExpenses": 2717000000,
    "costAndExpenses": 4427000000,
    "interestIncome": 5000000,
    "interestExpense": 115000000,
    "depreciationAndAmortization": 212000000,
    "ebitda": -1312000000,
    "ebitdaratio": -0.4519462625,
    "operatingIncome": -1524000000,
    "operatingIncomeRatio": -0.5249741647,
    "totalOtherIncomeExpensesNet": 1595000000,
    "incomeBeforeTax": 71000000,
    "incomeBeforeTaxRatio": 0.0244574578,
    "incomeTaxExpense": 185000000,
    "netIncome": -108000000,
    "netIncomeRatio": -0.0372028936,
    "eps": -0.0581,
    "epsdiluted": -0.0581,
    "weightedAverageShsOut": 1800000000,
    "weightedAverageShsOutDil": 1858525000,
    "link": "https://www.sec.gov/Archives/edgar/data/1543151/000154315121000029/0001543151-21-000029-index.htm",
    "finalLink": "https://www.sec.gov/Archives/edgar/data/1543151/000154315121000029/uber-20210331.htm"
  },
  {
    "date": "2020-12-31",
    "symbol": "UBER",
    "reportedCurrency": "USD",
    "cik": "0001543151",
    "fillingDate": "2021-03-01",
    "acceptedDate": "2021-03-01 08:06:48",
    "calendarYear": "2020",
    "period": "Q4",
    "revenue": 3165000000,
    "costOfRevenue": 1441000000,
    "grossProfit": 1724000000,
    "grossProfitRatio": 0.5447077409,
    "researchAndDevelopmentExpenses": 483000000,
    "generalAndAdministrativeExpenses": 531000000,
    "sellingAndMarketingExpenses": 1038000000,
    "sellingGeneralAndAdministrativeExpenses": 1569000000,
    "otherExpenses": 8000000,
    "operatingExpenses": 2601000000,
    "costAndExpenses": 4042000000,
    "interestIncome": 4000000,
    "interestExpense": 118000000,
    "depreciationAndAmortization": 180000000,
    "ebitda": -634000000,
    "ebitdaratio": -0.2003159558,
    "operatingIncome": -877000000,
    "operatingIncomeRatio": -0.277093207,
    "totalOtherIncomeExpensesNet": -55000000,
    "incomeBeforeTax": -932000000,
    "incomeBeforeTaxRatio": -0.2944707741,
    "incomeTaxExpense": 23000000,
    "netIncome": -968000000,
    "netIncomeRatio": -0.3058451817,
    "eps": -0.54,
    "epsdiluted": -0.54,
    "weightedAverageShsOut": 1784007997,
    "weightedAverageShsOutDil": 1793084000,
    "link": "https://www.sec.gov/Archives/edgar/data/1543151/000154315121000014/0001543151-21-000014-index.htm",
    "finalLink": "https://www.sec.gov/Archives/edgar/data/1543151/000154315121000014/uber-20201231.htm"
  },
  {
    "date": "2020-09-30",
    "symbol": "UBER",
    "reportedCurrency": "USD",
    "cik": "0001543151",
    "fillingDate": "2020-11-06",
    "acceptedDate": "2020-11-06 16:07:46",
    "calendarYear": "2020",
    "period": "Q3",
    "revenue": 3129000000,
    "costOfRevenue": 1614000000,
    "grossProfit": 1515000000,
    "grossProfitRatio": 0.4841802493,
    "researchAndDevelopmentExpenses": 493000000,
    "generalAndAdministrativeExpenses": 711000000,
    "sellingAndMarketingExpenses": 924000000,
    "sellingGeneralAndAdministrativeExpenses": 1635000000,
    "otherExpenses": 38000000,
    "operatingExpenses": 2631000000,
    "costAndExpenses": 4245000000,
    "interestIncome": 7000000,
    "interestExpense": 112000000,
    "depreciationAndAmortization": 138000000,
    "ebitda": -827000000,
    "ebitdaratio": -0.2643016938,
    "operatingIncome": -1116000000,
    "operatingIncomeRatio": -0.3566634708,
    "totalOtherIncomeExpensesNet": 39000000,
    "incomeBeforeTax": -1077000000,
    "incomeBeforeTaxRatio": -0.3441994247,
    "incomeTaxExpense": 23000000,
    "netIncome": -1089000000,
    "netIncomeRatio": -0.3480345158,
    "eps": -0.62,
    "epsdiluted": -0.62,
    "weightedAverageShsOut": 1755029000,
    "weightedAverageShsOutDil": 1755029000,
    "link": "https://www.sec.gov/Archives/edgar/data/1543151/000162828020015936/0001628280-20-015936-index.htm",
    "finalLink": "https://www.sec.gov/Archives/edgar/data/1543151/000162828020015936/uber-20200930.htm"
  },
  {
    "date": "2020-06-30",
    "symbol": "UBER",
    "reportedCurrency": "USD",
    "cik": "0001543151",
    "fillingDate": "2020-08-07",
    "acceptedDate": "2020-08-07 16:29:33",
    "calendarYear": "2020",
    "period": "Q2",
    "revenue": 2241000000,
    "costOfRevenue": 1252000000,
    "grossProfit": 989000000,
    "grossProfitRatio": 0.4413208389,
    "researchAndDevelopmentExpenses": 584000000,
    "generalAndAdministrativeExpenses": 565000000,
    "sellingAndMarketingExpenses": 736000000,
    "sellingGeneralAndAdministrativeExpenses": 1301000000,
    "otherExpenses": -5000000,
    "operatingExpenses": 2596000000,
    "costAndExpenses": 3848000000,
    "interestIncome": 6000000,
    "interestExpense": 110000000,
    "depreciationAndAmortization": 129000000,
    "ebitda": -1522000000,
    "ebitdaratio": -0.6791610888,
    "operatingIncome": -1607000000,
    "operatingIncomeRatio": -0.7170905846,
    "totalOtherIncomeExpensesNet": -154000000,
    "incomeBeforeTax": -1761000000,
    "incomeBeforeTaxRatio": -0.7858099063,
    "incomeTaxExpense": 4000000,
    "netIncome": -1775000000,
    "netIncomeRatio": -0.7920571174,
    "eps": -1.02,
    "epsdiluted": -1.02,
    "weightedAverageShsOut": 1738897000,
    "weightedAverageShsOutDil": 1738897000,
    "link": "https://www.sec.gov/Archives/edgar/data/1543151/000154315120000029/0001543151-20-000029-index.htm",
    "finalLink": "https://www.sec.gov/Archives/edgar/data/1543151/000154315120000029/uber-20200630.htm"
  },
  {
    "date": "2020-03-31",
    "symbol": "UBER",
    "reportedCurrency": "USD",
    "cik": "0001543151",
    "fillingDate": "2020-05-08",
    "acceptedDate": "2020-05-08 16:56:27",
    "calendarYear": "2020",
    "period": "Q1",
    "revenue": 3543000000,
    "costOfRevenue": 1786000000,
    "grossProfit": 1757000000,
    "grossProfitRatio": 0.4959074231,
    "researchAndDevelopmentExpenses": 645000000,
    "generalAndAdministrativeExpenses": 859000000,
    "sellingAndMarketingExpenses": 885000000,
    "sellingGeneralAndAdministrativeExpenses": 1744000000,
    "otherExpenses": 18000000,
    "operatingExpenses": 3020000000,
    "costAndExpenses": 4806000000,
    "interestIncome": 38000000,
    "interestExpense": 118000000,
    "depreciationAndAmortization": 128000000,
    "ebitda": -2930000000,
    "ebitdaratio": -0.826982783,
    "operatingIncome": -1263000000,
    "operatingIncomeRatio": -0.3564775614,
    "totalOtherIncomeExpensesNet": -1913000000,
    "incomeBeforeTax": -3176000000,
    "incomeBeforeTaxRatio": -0.8964154671,
    "incomeTaxExpense": -242000000,
    "netIncome": -2936000000,
    "netIncomeRatio": -0.8286762631,
    "eps": -1.7,
    "epsdiluted": -1.7,
    "weightedAverageShsOut": 1724367000,
    "weightedAverageShsOutDil": 1724367000,
    "link": "https://www.sec.gov/Archives/edgar/data/1543151/000154315120000022/0001543151-20-000022-index.htm",
    "finalLink": "https://www.sec.gov/Archives/edgar/data/1543151/000154315120000022/fy2020q1financialstate.htm"
  }
]