[
  {
    "date": "2024-12-31",
    "symbol": "PM",
    "reportedCurrency": "USD",
    "cik": "0001413329",
    "fillingDate": "2025-02-06",
    "acceptedDate": "2025-02-06 07:16:19",
    "calendarYear": "2024",
    "period": "FY",
    "revenue": 37878000000,
    "costOfRevenue": 13329000000,
    "grossProfit": 24549000000,
    "grossProfitRatio": 0.6481070806,
    "researchAndDevelopmentExpenses": 0,
    "generalAndAdministrativeExpenses": 0,
    "sellingAndMarketingExpenses": 0,
    "sellingGeneralAndAdministrativeExpenses": 11147000000,
    "otherExpenses": 0,
    "operatingExpenses": 11147000000,
    "costAndExpenses": 24476000000,
    "interestIncome": 620000000,
    "interestExpense": 1763000000,
    "depreciationAndAmortization": 1787000000,
    "ebitda": 15749000000,
    "ebitdaratio": 0.4157822483,
    "operatingIncome": 13402000000,
    "operatingIncomeRatio": 0.3538201595,
    "totalOtherIncomeExpensesNet": -1203000000,
    "incomeBeforeTax": 12199000000,
    "incomeBeforeTaxRatio": 0.3220602989,
    "incomeTaxExpense": 2380000000,
    "netIncome": 7057000000,
    "netIncomeRatio": 0.1863086752,
    "eps": 4.59,
    "epsdiluted": 4.52,
    "weightedAverageShsOut": 1554000000,
    "weightedAverageShsOutDil": 1556000000,
    "link": "https://www.sec.gov/Archives/edgar/data/1413329/000141332925000013/0001413329-25-000013-index.htm",
    "finalLink": "https://www.sec.gov/Archives/edgar/data/1413329/000141332925000013/pm-20241231.htm"
  },
  {
    "date": "2023-12-31",
    "symbol": "PM",
    "reportedCurrency": "USD",
    "cik": "0001413329",
    "fillingDate": "2024-02-08",
    "acceptedDate": "2024-02-08 07:10:55",
    "calendarYear": "2023",
    "period": "FY",
    "revenue": 35174000000,
    "costOfRevenue": 12893000000,
    "grossProfit": 22281000000,
    "grossProfitRatio": 0.6334508444,
    "researchAndDevelopmentExpenses": 709000000,
    "generalAndAdministrativeExpenses": 10105000000,
    "sellingAndMarketingExpenses": 0,
    "sellingGeneralAndAdministrativeExpenses": 10105000000,
    "otherExpenses": 0,
    "operatingExpenses": 10628000000,
    "costAndExpenses": 23618000000,
    "interestIncome": 465000000,
    "interestExpense": 1526000000,
    "depreciationAndAmortization": 1398000000,
    "ebitda": 13374000000,
    "ebitdaratio": 0.3802240291,
    "operatingIncome": 12697000000,
    "operatingIncomeRatio": 0.3609768579,
    "totalOtherIncomeExpensesNet": -2090000000,
    "incomeBeforeTax": 10607000000,
    "incomeBeforeTaxRatio": 0.301557969,
    "incomeTaxExpense": 2339000000,
    "netIncome": 7791000000,
    "netIncomeRatio": 0.2214988344,
    "eps": 5.02,
    "epsdiluted": 5.02,
    "weightedAverageShsOut": 1552000000,
    "weightedAverageShsOutDil": 1553000000,
    "link": "https://www.sec.gov/Archives/edgar/data/1413329/000141332924000013/0001413329-24-000013-index.htm",
    "finalLink": "https://www.sec.gov/Archives/edgar/data/1413329/000141332924000013/pm-20231231.htm"
  },
  {
    "date": "2022-12-31",
    "symbol": "PM",
    "reportedCurrency": "USD",
    "cik": "0001413329",
    "fillingDate": "2023-02-10",
    "acceptedDate": "2023-02-10 08:20:35",
    "calendarYear": "2022",
    "period": "FY",
    "revenue": 31762000000,
    "costOfRevenue": 11228000000,
    "grossProfit": 20534000000,
    "grossProfitRatio": 0.6464958126,
    "researchAndDevelopmentExpenses": 642000000,
    "generalAndAdministrativeExpenses": 8138000000,
    "sellingAndMarketingExpenses": -148000000,
    "sellingGeneralAndAdministrativeExpenses": 7990000000,
    "otherExpenses": 0,
    "operatingExpenses": 8175000000,
    "costAndExpenses": 19403000000,
    "interestIncome": 180000000,
    "interestExpense": 768000000,
    "depreciationAndAmortization": 1189000000,
    "ebitda": 13794000000,
    "ebitdaratio": 0.4342925508,
    "operatingIncome": 12544000000,
    "operatingIncomeRatio": 0.3949373465,
    "totalOtherIncomeExpensesNet": -773000000,
    "incomeBeforeTax": 11771000000,
    "incomeBeforeTaxRatio": 0.3706000882,
    "incomeTaxExpense": 2244000000,
    "netIncome": 9048000000,
    "netIncomeRatio": 0.284868711,
    "eps": 5.82,
    "epsdiluted": 5.81,
    "weightedAverageShsOut": 1550000000,
    "weightedAverageShsOutDil": 1552000000,
    "link": "https://www.sec.gov/Archives/edgar/data/1413329/000141332923000025/0001413329-23-000025-index.htm",
    "finalLink": "https://www.sec.gov/Archives/edgar/data/1413329/000141332923000025/pm-20221231.htm"
  },
  {
    "date": "2021-12-31",
    "symbol": "PM",
    "reportedCurrency": "USD",
    "cik": "0001413329",
    "fillingDate": "2022-02-11",
    "acceptedDate": "2022-02-11 08:29:22",
    "calendarYear": "2021",
    "period": "FY",
    "revenue": 31405000000,
    "costOfRevenue": 10030000000,
    "grossProfit": 21375000000,
    "grossProfitRatio": 0.6806241044,
    "researchAndDevelopmentExpenses": 617000000,
    "generalAndAdministrativeExpenses": 8515000000,
    "sellingAndMarketingExpenses": 8304000000,
    "sellingGeneralAndAdministrativeExpenses": 8299000000,
    "otherExpenses": 0,
    "operatingExpenses": 8366000000,
    "costAndExpenses": 18396000000,
    "interestIncome": 109000000,
    "interestExpense": 737000000,
    "depreciationAndAmortization": 998000000,
    "ebitda": 14166000000,
    "ebitdaratio": 0.4510746696,
    "operatingIncome": 13076000000,
    "operatingIncomeRatio": 0.4163668206,
    "totalOtherIncomeExpensesNet": -695000000,
    "incomeBeforeTax": 12381000000,
    "incomeBeforeTaxRatio": 0.3942365865,
    "incomeTaxExpense": 2671000000,
    "netIncome": 9109000000,
    "netIncomeRatio": 0.2900493552,
    "eps": 5.83,
    "epsdiluted": 5.83,
    "weightedAverageShsOut": 1558000000,
    "weightedAverageShsOutDil": 1559000000,
    "link": "https://www.sec.gov/Archives/edgar/data/1413329/000141332922000011/0001413329-22-000011-index.htm",
    "finalLink": "https://www.sec.gov/Archives/edgar/data/1413329/000141332922000011/pm-20211231.htm"
  },
  {
    "date": "2020-12-31",
    "symbol": "PM",
    "reportedCurrency": "USD",
    "cik": "0001413329",
    "fillingDate": "2021-02-09",
    "acceptedDate": "2021-02-09 16:20:37",
    "calendarYear": "2020",
    "period": "FY",
    "revenue": 28694000000,
    "costOfRevenue": 9569000000,
    "grossProfit": 19125000000,
    "grossProfitRatio": 0.6665156479,
    "researchAndDevelopmentExpenses": 495000000,
    "generalAndAdministrativeExpenses": 7481000000,
    "sellingAndMarketingExpenses": 7384000000,
    "sellingGeneralAndAdministrativeExpenses": 7405000000,
    "otherExpenses": 0,
    "operatingExpenses": 7538000000,
    "costAndExpenses": 17107000000,
    "interestIncome": 110000000,
    "interestExpense": 728000000,
    "depreciationAndAmortization": 981000000,
    "ebitda": 12916000000,
    "ebitdaratio": 0.4501289468,
    "operatingIncome": 11720000000,
    "operatingIncomeRatio": 0.4084477591,
    "totalOtherIncomeExpensesNet": -751000000,
    "incomeBeforeTax": 10969000000,
    "incomeBeforeTaxRatio": 0.3822750401,
    "incomeTaxExpense": 2377000000,
    "netIncome": 8056000000,
    "netIncomeRatio": 0.2807555587,
    "eps": 5.16,
    "epsdiluted": 5.16,
    "weightedAverageShsOut": 1557000000,
    "weightedAverageShsOutDil": 1558000000,
    "link": "https://www.sec.gov/Archives/edgar/data/1413329/000141332921000007/0001413329-21-000007-index.htm",
    "finalLink": "https://www.sec.gov/Archives/edgar/data/1413329/000141332921000007/pm-20201231.htm"
  },
  {
    "date": "2019-12-31",
    "symbol": "PM",
    "reportedCurrency": "USD",
    "cik": "0001413329",
    "fillingDate": "2020-02-07",
    "acceptedDate": "2020-02-07 06:47:13",
    "calendarYear": "2019",
    "period": "FY",
    "revenue": 29805000000,
    "costOfRevenue": 10513000000,
    "grossProfit": 19292000000,
    "grossProfitRatio": 0.6472739473,
    "researchAndDevelopmentExpenses": 465000000,
    "generalAndAdministrativeExpenses": 8784000000,
    "sellingAndMarketingExpenses": 8695000000,
    "sellingGeneralAndAdministrativeExpenses": 8168000000,
    "otherExpenses": 0,
    "operatingExpenses": 8701000000,
    "costAndExpenses": 19214000000,
    "interestIncome": 226000000,
    "interestExpense": 570000000,
    "depreciationAndAmortization": 964000000,
    "ebitda": 11948000000,
    "ebitdaratio": 0.4008723369,
    "operatingIncome": 11058000000,
    "operatingIncomeRatio": 0.3710115752,
    "totalOtherIncomeExpensesNet": -1037000000,
    "incomeBeforeTax": 10021000000,
    "incomeBeforeTaxRatio": 0.3362187552,
    "incomeTaxExpense": 2293000000,
    "netIncome": 7185000000,
    "netIncomeRatio": 0.2410669351,
    "eps": 4.61,
    "epsdiluted": 4.61,
    "weightedAverageShsOut": 1555000000,
    "weightedAverageShsOutDil": 1556000000,
    "link": "https://www.sec.gov/Archives/edgar/data/1413329/000141332920000007/0001413329-20-000007-index.htm",
    "finalLink": "https://www.sec.gov/Archives/edgar/data/1413329/000141332920000007/pm123119form10kwrapinc.htm"
  },
  {
    "date": "2018-12-31",
    "symbol": "PM",
    "reportedCurrency": "USD",
    "cik": "0001413329",
    "fillingDate": "2019-02-07",
    "acceptedDate": "2019-02-07 15:09:20",
    "calendarYear": "2018",
    "period": "FY",
    "revenue": 29625000000,
    "costOfRevenue": 10758000000,
    "grossProfit": 18867000000,
    "grossProfitRatio": 0.6368607595,
    "researchAndDevelopmentExpenses": 383000000,
    "generalAndAdministrativeExpenses": 7449000000,
    "sellingAndMarketingExpenses": 7408000000,
    "sellingGeneralAndAdministrativeExpenses": 7449000000,
    "otherExpenses": -41000000,
    "operatingExpenses": 7471000000,
    "costAndExpenses": 18229000000,
    "interestIncome": 190000000,
    "interestExpense": 665000000,
    "depreciationAndAmortization": 989000000,
    "ebitda": 12576000000,
    "ebitdaratio": 0.4245063291,
    "operatingIncome": 11336000000,
    "operatingIncomeRatio": 0.382649789,
    "totalOtherIncomeExpensesNet": -605000000,
    "incomeBeforeTax": 10731000000,
    "incomeBeforeTaxRatio": 0.3622278481,
    "incomeTaxExpense": 2445000000,
    "netIncome": 7911000000,
    "netIncomeRatio": 0.2670379747,
    "eps": 5.09,
    "epsdiluted": 5.09,
    "weightedAverageShsOut": 1555000000,
    "weightedAverageShsOutDil": 1555000000,
    "link": "https://www.sec.gov/Archives/edgar/data/1413329/000141332919000007/0001413329-19-000007-index.htm",
    "finalLink": "https://www.sec.gov/Archives/edgar/data/1413329/000141332919000007/pm123118form10kwrapinclfsm.htm"
  },
  {
    "date": "2017-12-31",
    "symbol": "PM",
    "reportedCurrency": "USD",
    "cik": "0001413329",
    "fillingDate": "2018-02-13",
    "acceptedDate": "2018-02-13 08:07:16",
    "calendarYear": "2017",
    "period": "FY",
    "revenue": 28748000000,
    "costOfRevenue": 10432000000,
    "grossProfit": 18316000000,
    "grossProfitRatio": 0.6371225824,
    "researchAndDevelopmentExpenses": 453000000,
    "generalAndAdministrativeExpenses": 6725000000,
    "sellingAndMarketingExpenses": 6725000000,
    "sellingGeneralAndAdministrativeExpenses": 6725000000,
    "otherExpenses": 0,
    "operatingExpenses": 6754000000,
    "costAndExpenses": 17186000000,
    "interestIncome": 182000000,
    "interestExpense": 914000000,
    "depreciationAndAmortization": 875000000,
    "ebitda": 12459000000,
    "ebitdaratio": 0.4333866704,
    "operatingIncome": 11503000000,
    "operatingIncomeRatio": 0.4001321831,
    "totalOtherIncomeExpensesNet": -855000000,
    "incomeBeforeTax": 10648000000,
    "incomeBeforeTaxRatio": 0.3703909837,
    "incomeTaxExpense": 4307000000,
    "netIncome": 6035000000,
    "netIncomeRatio": 0.2099276471,
    "eps": 3.88,
    "epsdiluted": 3.88,
    "weightedAverageShsOut": 1552000000,
    "weightedAverageShsOutDil": 1553000000,
    "link": "https://www.sec.gov/Archives/edgar/data/1413329/000141332918000007/0001413329-18-000007-index.htm",
    "finalLink": "https://www.sec.gov/Archives/edgar/data/1413329/000141332918000007/pm123117form10kwrapinclfsm.htm"
  },
  {
    "date": "2016-12-31",
    "symbol": "PM",
    "reportedCurrency": "USD",
    "cik": "0001413329",
    "fillingDate": "2017-02-14",
    "acceptedDate": "2017-02-14 08:22:52",
    "calendarYear": "2016",
    "period": "FY",
    "revenue": 26685000000,
    "costOfRevenue": 9391000000,
    "grossProfit": 17294000000,
    "grossProfitRatio": 0.6480794454,
    "researchAndDevelopmentExpenses": 429000000,
    "generalAndAdministrativeExpenses": 6405000000,
    "sellingAndMarketingExpenses": 6405000000,
    "sellingGeneralAndAdministrativeExpenses": 6405000000,
    "otherExpenses": 0,
    "operatingExpenses": 6385000000,
    "costAndExpenses": 15776000000,
    "interestIncome": 178000000,
    "interestExpense": 891000000,
    "depreciationAndAmortization": 743000000,
    "ebitda": 11706000000,
    "ebitdaratio": 0.438673412,
    "operatingIncome": 10815000000,
    "operatingIncomeRatio": 0.4052838673,
    "totalOtherIncomeExpensesNet": -797000000,
    "incomeBeforeTax": 10018000000,
    "incomeBeforeTaxRatio": 0.3754169009,
    "incomeTaxExpense": 2768000000,
    "netIncome": 6967000000,
    "netIncomeRatio": 0.2610830054,
    "eps": 4.48,
    "epsdiluted": 4.48,
    "weightedAverageShsOut": 1551000000,
    "weightedAverageShsOutDil": 1551000000,
    "link": "https://www.sec.gov/Archives/edgar/data/1413329/000141332917000014/0001413329-17-000014-index.htm",
    "finalLink": "https://www.sec.gov/Archives/edgar/data/1413329/000141332917000014/pm123116form10kwrapinclfsm.htm"
  },
  {
    "date": "2015-12-31",
    "symbol": "PM",
    "reportedCurrency": "USD",
    "cik": "0001413329",
    "fillingDate": "2016-02-17",
    "acceptedDate": "2016-02-17 10:25:14",
    "calendarYear": "2015",
    "period": "FY",
    "revenue": 26794000000,
    "costOfRevenue": 9365000000,
    "grossProfit": 17429000000,
    "grossProfitRatio": 0.6504814511,
    "researchAndDevelopmentExpenses": 423000000,
    "generalAndAdministrativeExpenses": 6656000000,
    "sellingAndMarketingExpenses": 6656000000,
    "sellingGeneralAndAdministrativeExpenses": 6656000000,
    "otherExpenses": 0,
    "operatingExpenses": 6701000000,
    "costAndExpenses": 16066000000,
    "interestIncome": 124000000,
    "interestExpense": 1132000000,
    "depreciationAndAmortization": 754000000,
    "ebitda": 11470000000,
    "ebitdaratio": 0.4280809136,
    "operatingIncome": 10691000000,
    "operatingIncomeRatio": 0.3990072404,
    "totalOtherIncomeExpensesNet": -971000000,
    "incomeBeforeTax": 9720000000,
    "incomeBeforeTaxRatio": 0.3627677838,
    "incomeTaxExpense": 2688000000,
    "netIncome": 6873000000,
    "netIncomeRatio": 0.2565126521,
    "eps": 4.42,
    "epsdiluted": 4.42,
    "weightedAverageShsOut": 1549000000,
    "weightedAverageShsOutDil": 1549000000,
    "link": "https://www.sec.gov/Archives/edgar/data/1413329/000141332916000076/0001413329-16-000076-index.htm",
    "finalLink": "https://www.sec.gov/Archives/edgar/data/1413329/000141332916000076/pm123115form10kwrapinclfsm.htm"
  }
]