[
  {
    "date": "2024-12-31",
    "symbol": "PM",
    "reportedCurrency": "USD",
    "cik": "0001413329",
    "fillingDate": "2025-02-06",
    "acceptedDate": "2025-02-06 07:16:19",
    "calendarYear": "2024",
    "period": "Q4",
    "revenue": 9706000000,
    "costOfRevenue": 3423000000,
    "grossProfit": 6283000000,
    "grossProfitRatio": 0.6473315475,
    "researchAndDevelopmentExpenses": 0,
    "generalAndAdministrativeExpenses": 0,
    "sellingAndMarketingExpenses": 0,
    "sellingGeneralAndAdministrativeExpenses": 3024000000,
    "otherExpenses": 0,
    "operatingExpenses": 3024000000,
    "costAndExpenses": 6447000000,
    "interestIncome": 620000000,
    "interestExpense": 946000000,
    "depreciationAndAmortization": 477000000,
    "ebitda": 4340000000,
    "ebitdaratio": 0.4471460952,
    "operatingIncome": 3259000000,
    "operatingIncomeRatio": 0.3357716876,
    "totalOtherIncomeExpensesNet": -342000000,
    "incomeBeforeTax": 2917000000,
    "incomeBeforeTaxRatio": 0.3005357511,
    "incomeTaxExpense": 872000000,
    "netIncome": -579000000,
    "netIncomeRatio": -0.0596538224,
    "eps": -0.37,
    "epsdiluted": -0.37,
    "weightedAverageShsOut": 1554000000,
    "weightedAverageShsOutDil": 1556000000,
    "link": "https://www.sec.gov/Archives/edgar/data/1413329/000141332925000013/0001413329-25-000013-index.htm",
    "finalLink": "https://www.sec.gov/Archives/edgar/data/1413329/000141332925000013/pm-20241231.htm"
  },
  {
    "date": "2024-09-30",
    "symbol": "PM",
    "reportedCurrency": "USD",
    "cik": "0001413329",
    "fillingDate": "2024-10-24",
    "acceptedDate": "2024-10-24 08:05:43",
    "calendarYear": "2024",
    "period": "Q3",
    "revenue": 9911000000,
    "costOfRevenue": 3366000000,
    "grossProfit": 6545000000,
    "grossProfitRatio": 0.6603773585,
    "researchAndDevelopmentExpenses": 0,
    "generalAndAdministrativeExpenses": 2891000000,
    "sellingAndMarketingExpenses": 0,
    "sellingGeneralAndAdministrativeExpenses": 2891000000,
    "otherExpenses": 0,
    "operatingExpenses": 2891000000,
    "costAndExpenses": 6257000000,
    "interestIncome": 0,
    "interestExpense": 189000000,
    "depreciationAndAmortization": 498000000,
    "ebitda": 4137000000,
    "ebitdaratio": 0.4174149934,
    "operatingIncome": 3654000000,
    "operatingIncomeRatio": 0.3686812632,
    "totalOtherIncomeExpensesNet": -204000000,
    "incomeBeforeTax": 3450000000,
    "incomeBeforeTaxRatio": 0.3480980728,
    "incomeTaxExpense": 735000000,
    "netIncome": 3082000000,
    "netIncomeRatio": 0.3109676117,
    "eps": 1.98,
    "epsdiluted": 1.97,
    "weightedAverageShsOut": 1555000000,
    "weightedAverageShsOutDil": 1556000000,
    "link": "https://www.sec.gov/Archives/edgar/data/1413329/000141332924000172/0001413329-24-000172-index.htm",
    "finalLink": "https://www.sec.gov/Archives/edgar/data/1413329/000141332924000172/pm-20240930.htm"
  },
  {
    "date": "2024-06-30",
    "symbol": "PM",
    "reportedCurrency": "USD",
    "cik": "0001413329",
    "fillingDate": "2024-07-25",
    "acceptedDate": "2024-07-25 07:35:39",
    "calendarYear": "2024",
    "period": "Q2",
    "revenue": 9407000000,
    "costOfRevenue": 3541000000,
    "grossProfit": 5866000000,
    "grossProfitRatio": 0.6235781865,
    "researchAndDevelopmentExpenses": 0,
    "generalAndAdministrativeExpenses": 2693000000,
    "sellingAndMarketingExpenses": -322000000,
    "sellingGeneralAndAdministrativeExpenses": 2371000000,
    "otherExpenses": 0,
    "operatingExpenses": 2371000000,
    "costAndExpenses": 5912000000,
    "interestIncome": 0,
    "interestExpense": 329000000,
    "depreciationAndAmortization": 445000000,
    "ebitda": 4010000000,
    "ebitdaratio": 0.4262783034,
    "operatingIncome": 3495000000,
    "operatingIncomeRatio": 0.371531838,
    "totalOtherIncomeExpensesNet": -394000000,
    "incomeBeforeTax": 3101000000,
    "incomeBeforeTaxRatio": 0.3296481344,
    "incomeTaxExpense": 734000000,
    "netIncome": 2406000000,
    "netIncomeRatio": 0.255766982,
    "eps": 1.54,
    "epsdiluted": 1.54,
    "weightedAverageShsOut": 1555000000,
    "weightedAverageShsOutDil": 1556000000,
    "link": "https://www.sec.gov/Archives/edgar/data/1413329/000141332924000145/0001413329-24-000145-index.htm",
    "finalLink": "https://www.sec.gov/Archives/edgar/data/1413329/000141332924000145/pm-20240630.htm"
  },
  {
    "date": "2024-03-31",
    "symbol": "PM",
    "reportedCurrency": "USD",
    "cik": "0001413329",
    "fillingDate": "2024-04-26",
    "acceptedDate": "2024-04-26 07:14:33",
    "calendarYear": "2024",
    "period": "Q1",
    "revenue": 8793000000,
    "costOfRevenue": 3195000000,
    "grossProfit": 5598000000,
    "grossProfitRatio": 0.636642784,
    "researchAndDevelopmentExpenses": 0,
    "generalAndAdministrativeExpenses": 2568000000,
    "sellingAndMarketingExpenses": 201000000,
    "sellingGeneralAndAdministrativeExpenses": 2769000000,
    "otherExpenses": 0,
    "operatingExpenses": 2261000000,
    "costAndExpenses": 5456000000,
    "interestIncome": 0,
    "interestExpense": 299000000,
    "depreciationAndAmortization": 367000000,
    "ebitda": 3511000000,
    "ebitdaratio": 0.3992948937,
    "operatingIncome": 2713000000,
    "operatingIncomeRatio": 0.3085408848,
    "totalOtherIncomeExpensesNet": -314000000,
    "incomeBeforeTax": 2922000000,
    "incomeBeforeTaxRatio": 0.3323097919,
    "incomeTaxExpense": 676000000,
    "netIncome": 2148000000,
    "netIncomeRatio": 0.2442852269,
    "eps": 1.38,
    "epsdiluted": 1.38,
    "weightedAverageShsOut": 1553000000,
    "weightedAverageShsOutDil": 1555000000,
    "link": "https://www.sec.gov/Archives/edgar/data/1413329/000141332924000087/0001413329-24-000087-index.htm",
    "finalLink": "https://www.sec.gov/Archives/edgar/data/1413329/000141332924000087/pm-20240331.htm"
  },
  {
    "date": "2023-12-31",
    "symbol": "PM",
    "reportedCurrency": "USD",
    "cik": "0001413329",
    "fillingDate": "2024-02-08",
    "acceptedDate": "2024-02-08 07:10:55",
    "calendarYear": "2023",
    "period": "Q4",
    "revenue": 9047000000,
    "costOfRevenue": 3476000000,
    "grossProfit": 5571000000,
    "grossProfitRatio": 0.6157842379,
    "researchAndDevelopmentExpenses": 709000000,
    "generalAndAdministrativeExpenses": 2040000000,
    "sellingAndMarketingExpenses": 791000000,
    "sellingGeneralAndAdministrativeExpenses": 2831000000,
    "otherExpenses": 0,
    "operatingExpenses": 3064000000,
    "costAndExpenses": 6540000000,
    "interestIncome": 465000000,
    "interestExpense": 738000000,
    "depreciationAndAmortization": 369000000,
    "ebitda": 3456000000,
    "ebitdaratio": 0.3820050846,
    "operatingIncome": 3102000000,
    "operatingIncomeRatio": 0.3428760915,
    "totalOtherIncomeExpensesNet": -469000000,
    "incomeBeforeTax": 2633000000,
    "incomeBeforeTaxRatio": 0.2910357024,
    "incomeTaxExpense": 320000000,
    "netIncome": 2196000000,
    "netIncomeRatio": 0.2427323975,
    "eps": 1.41,
    "epsdiluted": 1.41,
    "weightedAverageShsOut": 1552000000,
    "weightedAverageShsOutDil": 1554000000,
    "link": "https://www.sec.gov/Archives/edgar/data/1413329/000141332924000013/0001413329-24-000013-index.htm",
    "finalLink": "https://www.sec.gov/Archives/edgar/data/1413329/000141332924000013/pm-20231231.htm"
  },
  {
    "date": "2023-09-30",
    "symbol": "PM",
    "reportedCurrency": "USD",
    "cik": "0001413329",
    "fillingDate": "2023-10-26",
    "acceptedDate": "2023-10-26 08:43:47",
    "calendarYear": "2023",
    "period": "Q3",
    "revenue": 9141000000,
    "costOfRevenue": 3154000000,
    "grossProfit": 5987000000,
    "grossProfitRatio": 0.654961164,
    "researchAndDevelopmentExpenses": 0,
    "generalAndAdministrativeExpenses": 2614000000,
    "sellingAndMarketingExpenses": 78000000,
    "sellingGeneralAndAdministrativeExpenses": 2692000000,
    "otherExpenses": 0,
    "operatingExpenses": 2398000000,
    "costAndExpenses": 5552000000,
    "interestIncome": 0,
    "interestExpense": 261000000,
    "depreciationAndAmortization": 429000000,
    "ebitda": 3919000000,
    "ebitdaratio": 0.4287277103,
    "operatingIncome": 3282000000,
    "operatingIncomeRatio": 0.3590416803,
    "totalOtherIncomeExpensesNet": -269000000,
    "incomeBeforeTax": 3202000000,
    "incomeBeforeTaxRatio": 0.3502899026,
    "incomeTaxExpense": 1031000000,
    "netIncome": 2054000000,
    "netIncomeRatio": 0.2247018926,
    "eps": 1.32,
    "epsdiluted": 1.32,
    "weightedAverageShsOut": 1552000000,
    "weightedAverageShsOutDil": 1554000000,
    "link": "https://www.sec.gov/Archives/edgar/data/1413329/000141332923000201/0001413329-23-000201-index.htm",
    "finalLink": "https://www.sec.gov/Archives/edgar/data/1413329/000141332923000201/pm-20230930.htm"
  },
  {
    "date": "2023-06-30",
    "symbol": "PM",
    "reportedCurrency": "USD",
    "cik": "0001413329",
    "fillingDate": "2023-07-27",
    "acceptedDate": "2023-07-27 08:41:34",
    "calendarYear": "2023",
    "period": "Q2",
    "revenue": 8967000000,
    "costOfRevenue": 3228000000,
    "grossProfit": 5739000000,
    "grossProfitRatio": 0.6400133824,
    "researchAndDevelopmentExpenses": 0,
    "generalAndAdministrativeExpenses": 3179000000,
    "sellingAndMarketingExpenses": -117000000,
    "sellingGeneralAndAdministrativeExpenses": 3062000000,
    "otherExpenses": 0,
    "operatingExpenses": 3077000000,
    "costAndExpenses": 6305000000,
    "interestIncome": 0,
    "interestExpense": 297000000,
    "depreciationAndAmortization": 981000000,
    "ebitda": 3659000000,
    "ebitdaratio": 0.4080517453,
    "operatingIncome": 2663000000,
    "operatingIncomeRatio": 0.2969778075,
    "totalOtherIncomeExpensesNet": -303000000,
    "incomeBeforeTax": 2242000000,
    "incomeBeforeTaxRatio": 0.25002788,
    "incomeTaxExpense": 560000000,
    "netIncome": 1568000000,
    "netIncomeRatio": 0.174863388,
    "eps": 1.01,
    "epsdiluted": 1.01,
    "weightedAverageShsOut": 1552000000,
    "weightedAverageShsOutDil": 1553000000,
    "link": "https://www.sec.gov/Archives/edgar/data/1413329/000141332923000176/0001413329-23-000176-index.htm",
    "finalLink": "https://www.sec.gov/Archives/edgar/data/1413329/000141332923000176/pm-20230630.htm"
  },
  {
    "date": "2023-03-31",
    "symbol": "PM",
    "reportedCurrency": "USD",
    "cik": "0001413329",
    "fillingDate": "2023-04-26",
    "acceptedDate": "2023-04-26 07:41:43",
    "calendarYear": "2023",
    "period": "Q1",
    "revenue": 8019000000,
    "costOfRevenue": 3020000000,
    "grossProfit": 4999000000,
    "grossProfitRatio": 0.6233944382,
    "researchAndDevelopmentExpenses": 0,
    "generalAndAdministrativeExpenses": 2272000000,
    "sellingAndMarketingExpenses": -135000000,
    "sellingGeneralAndAdministrativeExpenses": 2137000000,
    "otherExpenses": 0,
    "operatingExpenses": 2086000000,
    "costAndExpenses": 5106000000,
    "interestIncome": 0,
    "interestExpense": 230000000,
    "depreciationAndAmortization": 299000000,
    "ebitda": 3008000000,
    "ebitdaratio": 0.3751091158,
    "operatingIncome": 2852000000,
    "operatingIncomeRatio": 0.3556553186,
    "totalOtherIncomeExpensesNet": -252000000,
    "incomeBeforeTax": 2530000000,
    "incomeBeforeTaxRatio": 0.3155006859,
    "incomeTaxExpense": 428000000,
    "netIncome": 1995000000,
    "netIncomeRatio": 0.2487841377,
    "eps": 1.28,
    "epsdiluted": 1.28,
    "weightedAverageShsOut": 1552000000,
    "weightedAverageShsOutDil": 1553000000,
    "link": "https://www.sec.gov/Archives/edgar/data/1413329/000141332923000117/0001413329-23-000117-index.htm",
    "finalLink": "https://www.sec.gov/Archives/edgar/data/1413329/000141332923000117/pm-20230331.htm"
  },
  {
    "date": "2022-12-31",
    "symbol": "PM",
    "reportedCurrency": "USD",
    "cik": "0001413329",
    "fillingDate": "2023-02-10",
    "acceptedDate": "2023-02-10 08:20:35",
    "calendarYear": "2022",
    "period": "Q4",
    "revenue": 8152000000,
    "costOfRevenue": 3083000000,
    "grossProfit": 5069000000,
    "grossProfitRatio": 0.6218105986,
    "researchAndDevelopmentExpenses": 642000000,
    "generalAndAdministrativeExpenses": 2025000000,
    "sellingAndMarketingExpenses": 392000000,
    "sellingGeneralAndAdministrativeExpenses": 2417000000,
    "otherExpenses": -74000000,
    "operatingExpenses": 2163000000,
    "costAndExpenses": 5246000000,
    "interestIncome": 0,
    "interestExpense": 350000000,
    "depreciationAndAmortization": 291000000,
    "ebitda": 3329000000,
    "ebitdaratio": 0.4083660451,
    "operatingIncome": 2667000000,
    "operatingIncomeRatio": 0.3271589794,
    "totalOtherIncomeExpensesNet": 236000000,
    "incomeBeforeTax": 2903000000,
    "incomeBeforeTaxRatio": 0.3561089303,
    "incomeTaxExpense": 409000000,
    "netIncome": 2397000000,
    "netIncomeRatio": 0.2940382728,
    "eps": 1.54,
    "epsdiluted": 1.54,
    "weightedAverageShsOut": 1550000000,
    "weightedAverageShsOutDil": 1552000000,
    "link": "https://www.sec.gov/Archives/edgar/data/1413329/000141332923000025/0001413329-23-000025-index.htm",
    "finalLink": "https://www.sec.gov/Archives/edgar/data/1413329/000141332923000025/pm-20221231.htm"
  },
  {
    "date": "2022-09-30",
    "symbol": "PM",
    "reportedCurrency": "USD",
    "cik": "0001413329",
    "fillingDate": "2022-10-27",
    "acceptedDate": "2022-10-27 08:17:59",
    "calendarYear": "2022",
    "period": "Q3",
    "revenue": 8032000000,
    "costOfRevenue": 2935000000,
    "grossProfit": 5097000000,
    "grossProfitRatio": 0.6345866534,
    "researchAndDevelopmentExpenses": 0,
    "generalAndAdministrativeExpenses": 2136000000,
    "sellingAndMarketingExpenses": -472000000,
    "sellingGeneralAndAdministrativeExpenses": 1664000000,
    "otherExpenses": 0,
    "operatingExpenses": 2056000000,
    "costAndExpenses": 4991000000,
    "interestIncome": 0,
    "interestExpense": 138000000,
    "depreciationAndAmortization": 358000000,
    "ebitda": 3353000000,
    "ebitdaratio": 0.4174551793,
    "operatingIncome": 3426000000,
    "operatingIncomeRatio": 0.4265438247,
    "totalOtherIncomeExpensesNet": -145000000,
    "incomeBeforeTax": 2844000000,
    "incomeBeforeTaxRatio": 0.3540836653,
    "incomeTaxExpense": 622000000,
    "netIncome": 2087000000,
    "netIncomeRatio": 0.2598356574,
    "eps": 1.35,
    "epsdiluted": 1.34,
    "weightedAverageShsOut": 1550000000,
    "weightedAverageShsOutDil": 1552000000,
    "link": "https://www.sec.gov/Archives/edgar/data/1413329/000141332922000114/0001413329-22-000114-index.htm",
    "finalLink": "https://www.sec.gov/Archives/edgar/data/1413329/000141332922000114/pm-20220930.htm"
  },
  {
    "date": "2022-06-30",
    "symbol": "PM",
    "reportedCurrency": "USD",
    "cik": "0001413329",
    "fillingDate": "2022-07-29",
    "acceptedDate": "2022-07-29 08:12:48",
    "calendarYear": "2022",
    "period": "Q2",
    "revenue": 7832000000,
    "costOfRevenue": 2628000000,
    "grossProfit": 5204000000,
    "grossProfitRatio": 0.664453524,
    "researchAndDevelopmentExpenses": 0,
    "generalAndAdministrativeExpenses": 2097000000,
    "sellingAndMarketingExpenses": -15000000,
    "sellingGeneralAndAdministrativeExpenses": 2082000000,
    "otherExpenses": 0,
    "operatingExpenses": 2070000000,
    "costAndExpenses": 4698000000,
    "interestIncome": 0,
    "interestExpense": 126000000,
    "depreciationAndAmortization": 287000000,
    "ebitda": 3384000000,
    "ebitdaratio": 0.4320735444,
    "operatingIncome": 3117000000,
    "operatingIncomeRatio": 0.3979826353,
    "totalOtherIncomeExpensesNet": -199000000,
    "incomeBeforeTax": 2940000000,
    "incomeBeforeTaxRatio": 0.3753830439,
    "incomeTaxExpense": 594000000,
    "netIncome": 2233000000,
    "netIncomeRatio": 0.2851123596,
    "eps": 1.44,
    "epsdiluted": 1.44,
    "weightedAverageShsOut": 1551000000,
    "weightedAverageShsOutDil": 1552000000,
    "link": "https://www.sec.gov/Archives/edgar/data/1413329/000141332922000072/0001413329-22-000072-index.htm",
    "finalLink": "https://www.sec.gov/Archives/edgar/data/1413329/000141332922000072/pm-20220630.htm"
  },
  {
    "date": "2022-03-31",
    "symbol": "PM",
    "reportedCurrency": "USD",
    "cik": "0001413329",
    "fillingDate": "2022-04-28",
    "acceptedDate": "2022-04-28 16:29:26",
    "calendarYear": "2022",
    "period": "Q1",
    "revenue": 7746000000,
    "costOfRevenue": 2582000000,
    "grossProfit": 5164000000,
    "grossProfitRatio": 0.6666666667,
    "researchAndDevelopmentExpenses": 0,
    "generalAndAdministrativeExpenses": 1806000000,
    "sellingAndMarketingExpenses": 1802000000,
    "sellingGeneralAndAdministrativeExpenses": 1828000000,
    "otherExpenses": 0,
    "operatingExpenses": 1893000000,
    "costAndExpenses": 4475000000,
    "interestIncome": 0,
    "interestExpense": 154000000,
    "depreciationAndAmortization": 253000000,
    "ebitda": 3548000000,
    "ebitdaratio": 0.4580428608,
    "operatingIncome": 3336000000,
    "operatingIncomeRatio": 0.4306738962,
    "totalOtherIncomeExpensesNet": -158000000,
    "incomeBeforeTax": 3084000000,
    "incomeBeforeTaxRatio": 0.398140976,
    "incomeTaxExpense": 619000000,
    "netIncome": 2331000000,
    "netIncomeRatio": 0.300929512,
    "eps": 1.5,
    "epsdiluted": 1.5,
    "weightedAverageShsOut": 1550000000,
    "weightedAverageShsOutDil": 1552000000,
    "link": "https://www.sec.gov/Archives/edgar/data/1413329/000141332922000035/0001413329-22-000035-index.htm",
    "finalLink": "https://www.sec.gov/Archives/edgar/data/1413329/000141332922000035/pm-20220331.htm"
  },
  {
    "date": "2021-12-31",
    "symbol": "PM",
    "reportedCurrency": "USD",
    "cik": "0001413329",
    "fillingDate": "2022-02-11",
    "acceptedDate": "2022-02-11 08:29:22",
    "calendarYear": "2021",
    "period": "Q4",
    "revenue": 8104000000,
    "costOfRevenue": 2807000000,
    "grossProfit": 5297000000,
    "grossProfitRatio": 0.6536278381,
    "researchAndDevelopmentExpenses": 617000000,
    "generalAndAdministrativeExpenses": 2342000000,
    "sellingAndMarketingExpenses": 2309000000,
    "sellingGeneralAndAdministrativeExpenses": 2337000000,
    "otherExpenses": 0,
    "operatingExpenses": 2480000000,
    "costAndExpenses": 5287000000,
    "interestIncome": 0,
    "interestExpense": 146000000,
    "depreciationAndAmortization": 279000000,
    "ebitda": 3245000000,
    "ebitdaratio": 0.4004195459,
    "operatingIncome": 2960000000,
    "operatingIncomeRatio": 0.3652517275,
    "totalOtherIncomeExpensesNet": -138000000,
    "incomeBeforeTax": 2822000000,
    "incomeBeforeTaxRatio": 0.3482230997,
    "incomeTaxExpense": 593000000,
    "netIncome": 2093000000,
    "netIncomeRatio": 0.2582675222,
    "eps": 1.34,
    "epsdiluted": 1.34,
    "weightedAverageShsOut": 1556000000,
    "weightedAverageShsOutDil": 1557000000,
    "link": "https://www.sec.gov/Archives/edgar/data/1413329/000141332922000011/0001413329-22-000011-index.htm",
    "finalLink": "https://www.sec.gov/Archives/edgar/data/1413329/000141332922000011/pm-20211231.htm"
  },
  {
    "date": "2021-09-30",
    "symbol": "PM",
    "reportedCurrency": "USD",
    "cik": "0001413329",
    "fillingDate": "2021-10-27",
    "acceptedDate": "2021-10-27 16:41:25",
    "calendarYear": "2021",
    "period": "Q3",
    "revenue": 8122000000,
    "costOfRevenue": 2596000000,
    "grossProfit": 5526000000,
    "grossProfitRatio": 0.680374292,
    "researchAndDevelopmentExpenses": 0,
    "generalAndAdministrativeExpenses": 2080000000,
    "sellingAndMarketingExpenses": 2053000000,
    "sellingGeneralAndAdministrativeExpenses": 2055000000,
    "otherExpenses": 0,
    "operatingExpenses": 2001000000,
    "costAndExpenses": 4597000000,
    "interestIncome": 0,
    "interestExpense": 154000000,
    "depreciationAndAmortization": 235000000,
    "ebitda": 3710000000,
    "ebitdaratio": 0.4567840433,
    "operatingIncome": 3471000000,
    "operatingIncomeRatio": 0.4273577936,
    "totalOtherIncomeExpensesNet": -181000000,
    "incomeBeforeTax": 3323000000,
    "incomeBeforeTaxRatio": 0.4091356809,
    "incomeTaxExpense": 735000000,
    "netIncome": 2426000000,
    "netIncomeRatio": 0.2986949027,
    "eps": 1.55,
    "epsdiluted": 1.55,
    "weightedAverageShsOut": 1558000000,
    "weightedAverageShsOutDil": 1560000000,
    "link": "https://www.sec.gov/Archives/edgar/data/1413329/000141332921000091/0001413329-21-000091-index.htm",
    "finalLink": "https://www.sec.gov/Archives/edgar/data/1413329/000141332921000091/pm-20210930.htm"
  },
  {
    "date": "2021-06-30",
    "symbol": "PM",
    "reportedCurrency": "USD",
    "cik": "0001413329",
    "fillingDate": "2021-07-27",
    "acceptedDate": "2021-07-27 16:42:01",
    "calendarYear": "2021",
    "period": "Q2",
    "revenue": 7594000000,
    "costOfRevenue": 2353000000,
    "grossProfit": 5241000000,
    "grossProfitRatio": 0.6901501185,
    "researchAndDevelopmentExpenses": 0,
    "generalAndAdministrativeExpenses": 2120000000,
    "sellingAndMarketingExpenses": 2093000000,
    "sellingGeneralAndAdministrativeExpenses": 2041000000,
    "otherExpenses": 0,
    "operatingExpenses": 2086000000,
    "costAndExpenses": 4439000000,
    "interestIncome": 0,
    "interestExpense": 161000000,
    "depreciationAndAmortization": 239000000,
    "ebitda": 3391000000,
    "ebitdaratio": 0.4465367395,
    "operatingIncome": 3181000000,
    "operatingIncomeRatio": 0.4188833289,
    "totalOtherIncomeExpensesNet": -188000000,
    "incomeBeforeTax": 2944000000,
    "incomeBeforeTaxRatio": 0.3876744799,
    "incomeTaxExpense": 646000000,
    "netIncome": 2172000000,
    "netIncomeRatio": 0.2860152752,
    "eps": 1.39,
    "epsdiluted": 1.39,
    "weightedAverageShsOut": 1558000000,
    "weightedAverageShsOutDil": 1560000000,
    "link": "https://www.sec.gov/Archives/edgar/data/1413329/000141332921000058/0001413329-21-000058-index.htm",
    "finalLink": "https://www.sec.gov/Archives/edgar/data/1413329/000141332921000058/pm-20210630.htm"
  },
  {
    "date": "2021-03-31",
    "symbol": "PM",
    "reportedCurrency": "USD",
    "cik": "0001413329",
    "fillingDate": "2021-04-27",
    "acceptedDate": "2021-04-27 13:24:49",
    "calendarYear": "2021",
    "period": "Q1",
    "revenue": 7585000000,
    "costOfRevenue": 2274000000,
    "grossProfit": 5311000000,
    "grossProfitRatio": 0.7001977587,
    "researchAndDevelopmentExpenses": 0,
    "generalAndAdministrativeExpenses": 1877000000,
    "sellingAndMarketingExpenses": 1849000000,
    "sellingGeneralAndAdministrativeExpenses": 1829000000,
    "otherExpenses": 0,
    "operatingExpenses": 1810000000,
    "costAndExpenses": 4084000000,
    "interestIncome": 0,
    "interestExpense": 167000000,
    "depreciationAndAmortization": 245000000,
    "ebitda": 3711000000,
    "ebitdaratio": 0.4892551088,
    "operatingIncome": 3464000000,
    "operatingIncomeRatio": 0.4566908372,
    "totalOtherIncomeExpensesNet": -195000000,
    "incomeBeforeTax": 3292000000,
    "incomeBeforeTaxRatio": 0.4340145023,
    "incomeTaxExpense": 697000000,
    "netIncome": 2418000000,
    "netIncomeRatio": 0.3187870798,
    "eps": 1.55,
    "epsdiluted": 1.55,
    "weightedAverageShsOut": 1558000000,
    "weightedAverageShsOutDil": 1560000000,
    "link": "https://www.sec.gov/Archives/edgar/data/1413329/000141332921000025/0001413329-21-000025-index.htm",
    "finalLink": "https://www.sec.gov/Archives/edgar/data/1413329/000141332921000025/pm-20210331.htm"
  },
  {
    "date": "2020-12-31",
    "symbol": "PM",
    "reportedCurrency": "USD",
    "cik": "0001413329",
    "fillingDate": "2021-02-09",
    "acceptedDate": "2021-02-09 16:20:37",
    "calendarYear": "2020",
    "period": "Q4",
    "revenue": 7444000000,
    "costOfRevenue": 2572000000,
    "grossProfit": 4872000000,
    "grossProfitRatio": 0.654486835,
    "researchAndDevelopmentExpenses": 495000000,
    "generalAndAdministrativeExpenses": 1978000000,
    "sellingAndMarketingExpenses": 1949000000,
    "sellingGeneralAndAdministrativeExpenses": 1900000000,
    "otherExpenses": 0,
    "operatingExpenses": 2177000000,
    "costAndExpenses": 4749000000,
    "interestIncome": 0,
    "interestExpense": 164000000,
    "depreciationAndAmortization": 18000000,
    "ebitda": 3226000000,
    "ebitdaratio": 0.4333691564,
    "operatingIncome": 2954000000,
    "operatingIncomeRatio": 0.3968296615,
    "totalOtherIncomeExpensesNet": -222000000,
    "incomeBeforeTax": 2732000000,
    "incomeBeforeTaxRatio": 0.3670069855,
    "incomeTaxExpense": 613000000,
    "netIncome": 1976000000,
    "netIncomeRatio": 0.2654486835,
    "eps": 1.27,
    "epsdiluted": 1.27,
    "weightedAverageShsOut": 1557000000,
    "weightedAverageShsOutDil": 1558000000,
    "link": "https://www.sec.gov/Archives/edgar/data/1413329/000141332921000007/0001413329-21-000007-index.htm",
    "finalLink": "https://www.sec.gov/Archives/edgar/data/1413329/000141332921000007/pm-20201231.htm"
  },
  {
    "date": "2020-09-30",
    "symbol": "PM",
    "reportedCurrency": "USD",
    "cik": "0001413329",
    "fillingDate": "2020-10-27",
    "acceptedDate": "2020-10-27 08:26:43",
    "calendarYear": "2020",
    "period": "Q3",
    "revenue": 7446000000,
    "costOfRevenue": 2416000000,
    "grossProfit": 5030000000,
    "grossProfitRatio": 0.6755304862,
    "researchAndDevelopmentExpenses": 0,
    "generalAndAdministrativeExpenses": 1792000000,
    "sellingAndMarketingExpenses": 1769000000,
    "sellingGeneralAndAdministrativeExpenses": 1792000000,
    "otherExpenses": 0,
    "operatingExpenses": 1736000000,
    "costAndExpenses": 4152000000,
    "interestIncome": 0,
    "interestExpense": 163000000,
    "depreciationAndAmortization": 18000000,
    "ebitda": 3459000000,
    "ebitdaratio": 0.464544722,
    "operatingIncome": 3220000000,
    "operatingIncomeRatio": 0.4324469514,
    "totalOtherIncomeExpensesNet": -186000000,
    "incomeBeforeTax": 3077000000,
    "incomeBeforeTaxRatio": 0.4132420091,
    "incomeTaxExpense": 640000000,
    "netIncome": 2307000000,
    "netIncomeRatio": 0.3098307816,
    "eps": 1.48,
    "epsdiluted": 1.48,
    "weightedAverageShsOut": 1558000000,
    "weightedAverageShsOutDil": 1558000000,
    "link": "https://www.sec.gov/Archives/edgar/data/1413329/000141332920000062/0001413329-20-000062-index.htm",
    "finalLink": "https://www.sec.gov/Archives/edgar/data/1413329/000141332920000062/pm-20200930.htm"
  },
  {
    "date": "2020-06-30",
    "symbol": "PM",
    "reportedCurrency": "USD",
    "cik": "0001413329",
    "fillingDate": "2020-07-29",
    "acceptedDate": "2020-07-29 08:19:57",
    "calendarYear": "2020",
    "period": "Q2",
    "revenue": 6651000000,
    "costOfRevenue": 2179000000,
    "grossProfit": 4472000000,
    "grossProfitRatio": 0.6723800932,
    "researchAndDevelopmentExpenses": 0,
    "generalAndAdministrativeExpenses": 1744000000,
    "sellingAndMarketingExpenses": 1722000000,
    "sellingGeneralAndAdministrativeExpenses": 1673000000,
    "otherExpenses": 0,
    "operatingExpenses": 1674000000,
    "costAndExpenses": 3853000000,
    "interestIncome": 0,
    "interestExpense": 162000000,
    "depreciationAndAmortization": 19000000,
    "ebitda": 2997000000,
    "ebitdaratio": 0.450608931,
    "operatingIncome": 2780000000,
    "operatingIncomeRatio": 0.4179822583,
    "totalOtherIncomeExpensesNet": -184000000,
    "incomeBeforeTax": 2577000000,
    "incomeBeforeTaxRatio": 0.3874605323,
    "incomeTaxExpense": 528000000,
    "netIncome": 1947000000,
    "netIncomeRatio": 0.2927379341,
    "eps": 1.25,
    "epsdiluted": 1.25,
    "weightedAverageShsOut": 1558000000,
    "weightedAverageShsOutDil": 1558000000,
    "link": "https://www.sec.gov/Archives/edgar/data/1413329/000141332920000053/0001413329-20-000053-index.htm",
    "finalLink": "https://www.sec.gov/Archives/edgar/data/1413329/000141332920000053/pm-063020x10qxdoc.htm"
  },
  {
    "date": "2020-03-31",
    "symbol": "PM",
    "reportedCurrency": "USD",
    "cik": "0001413329",
    "fillingDate": "2020-04-28",
    "acceptedDate": "2020-04-28 09:11:51",
    "calendarYear": "2020",
    "period": "Q1",
    "revenue": 7153000000,
    "costOfRevenue": 2402000000,
    "grossProfit": 4751000000,
    "grossProfitRatio": 0.6641968405,
    "researchAndDevelopmentExpenses": 0,
    "generalAndAdministrativeExpenses": 1967000000,
    "sellingAndMarketingExpenses": 1944000000,
    "sellingGeneralAndAdministrativeExpenses": 1967000000,
    "otherExpenses": 0,
    "operatingExpenses": 1983000000,
    "costAndExpenses": 4385000000,
    "interestIncome": 0,
    "interestExpense": 129000000,
    "depreciationAndAmortization": 18000000,
    "ebitda": 3007000000,
    "ebitdaratio": 0.4203830561,
    "operatingIncome": 2766000000,
    "operatingIncomeRatio": 0.3866908989,
    "totalOtherIncomeExpensesNet": -152000000,
    "incomeBeforeTax": 2583000000,
    "incomeBeforeTaxRatio": 0.3611072277,
    "incomeTaxExpense": 596000000,
    "netIncome": 1826000000,
    "netIncomeRatio": 0.2552775059,
    "eps": 1.17,
    "epsdiluted": 1.17,
    "weightedAverageShsOut": 1557000000,
    "weightedAverageShsOutDil": 1558000000,
    "link": "https://www.sec.gov/Archives/edgar/data/1413329/000141332920000032/0001413329-20-000032-index.htm",
    "finalLink": "https://www.sec.gov/Archives/edgar/data/1413329/000141332920000032/pm-033120x10qxdoc.htm"
  }
]