[
  {
    "date": "2024-12-31",
    "symbol": "NOW",
    "reportedCurrency": "USD",
    "cik": "0001373715",
    "fillingDate": "2025-01-30",
    "acceptedDate": "2025-01-29 21:49:31",
    "calendarYear": "2024",
    "period": "Q4",
    "revenue": 2957000000,
    "costOfRevenue": 631000000,
    "grossProfit": 2326000000,
    "grossProfitRatio": 0.7866080487,
    "researchAndDevelopmentExpenses": 668000000,
    "generalAndAdministrativeExpenses": 257000000,
    "sellingAndMarketingExpenses": 1027000000,
    "sellingGeneralAndAdministrativeExpenses": 1284000000,
    "otherExpenses": 0,
    "operatingExpenses": 1952000000,
    "costAndExpenses": 2583000000,
    "interestIncome": 106000000,
    "interestExpense": 5000000,
    "depreciationAndAmortization": 154000000,
    "ebitda": 622000000,
    "ebitdaratio": 0.210348326,
    "operatingIncome": 374000000,
    "operatingIncomeRatio": 0.1264795401,
    "totalOtherIncomeExpensesNet": 89000000,
    "incomeBeforeTax": 463000000,
    "incomeBeforeTaxRatio": 0.1565776124,
    "incomeTaxExpense": 79000000,
    "netIncome": 384000000,
    "netIncomeRatio": 0.129861346,
    "eps": 1.86,
    "epsdiluted": 1.84,
    "weightedAverageShsOut": 206000000,
    "weightedAverageShsOutDil": 209000000,
    "link": "https://www.sec.gov/Archives/edgar/data/1373715/000137371525000010/0001373715-25-000010-index.htm",
    "finalLink": "https://www.sec.gov/Archives/edgar/data/1373715/000137371525000010/now-20241231.htm"
  },
  {
    "date": "2024-09-30",
    "symbol": "NOW",
    "reportedCurrency": "USD",
    "cik": "0001373715",
    "fillingDate": "2024-10-24",
    "acceptedDate": "2024-10-23 19:13:09",
    "calendarYear": "2024",
    "period": "Q3",
    "revenue": 2797000000,
    "costOfRevenue": 584000000,
    "grossProfit": 2213000000,
    "grossProfitRatio": 0.7912048624,
    "researchAndDevelopmentExpenses": 626000000,
    "generalAndAdministrativeExpenses": 225000000,
    "sellingAndMarketingExpenses": 944000000,
    "sellingGeneralAndAdministrativeExpenses": 1169000000,
    "otherExpenses": 0,
    "operatingExpenses": 1795000000,
    "costAndExpenses": 2379000000,
    "interestIncome": 108000000,
    "interestExpense": 6000000,
    "depreciationAndAmortization": 119000000,
    "ebitda": 641000000,
    "ebitdaratio": 0.2291741151,
    "operatingIncome": 418000000,
    "operatingIncomeRatio": 0.1494458348,
    "totalOtherIncomeExpensesNet": 98000000,
    "incomeBeforeTax": 516000000,
    "incomeBeforeTaxRatio": 0.184483375,
    "incomeTaxExpense": 84000000,
    "netIncome": 432000000,
    "netIncomeRatio": 0.1544511977,
    "eps": 2.1,
    "epsdiluted": 2.07,
    "weightedAverageShsOut": 206158000,
    "weightedAverageShsOutDil": 208552000,
    "link": "https://www.sec.gov/Archives/edgar/data/1373715/000137371524000344/0001373715-24-000344-index.htm",
    "finalLink": "https://www.sec.gov/Archives/edgar/data/1373715/000137371524000344/now-20240930.htm"
  },
  {
    "date": "2024-06-30",
    "symbol": "NOW",
    "reportedCurrency": "USD",
    "cik": "0001373715",
    "fillingDate": "2024-07-25",
    "acceptedDate": "2024-07-24 19:24:14",
    "calendarYear": "2024",
    "period": "Q2",
    "revenue": 2627000000,
    "costOfRevenue": 552000000,
    "grossProfit": 2075000000,
    "grossProfitRatio": 0.7898743814,
    "researchAndDevelopmentExpenses": 643000000,
    "generalAndAdministrativeExpenses": 232000000,
    "sellingAndMarketingExpenses": 960000000,
    "sellingGeneralAndAdministrativeExpenses": 1192000000,
    "otherExpenses": -4000000,
    "operatingExpenses": 1835000000,
    "costAndExpenses": 2387000000,
    "interestIncome": 104000000,
    "interestExpense": 6000000,
    "depreciationAndAmortization": 112000000,
    "ebitda": 352000000,
    "ebitdaratio": 0.1339931481,
    "operatingIncome": 240000000,
    "operatingIncomeRatio": 0.0913589646,
    "totalOtherIncomeExpensesNet": 94000000,
    "incomeBeforeTax": 334000000,
    "incomeBeforeTaxRatio": 0.1271412257,
    "incomeTaxExpense": 72000000,
    "netIncome": 262000000,
    "netIncomeRatio": 0.0997335364,
    "eps": 1.27,
    "epsdiluted": 1.26,
    "weightedAverageShsOut": 205644000,
    "weightedAverageShsOutDil": 207799000,
    "link": "https://www.sec.gov/Archives/edgar/data/1373715/000137371524000272/0001373715-24-000272-index.htm",
    "finalLink": "https://www.sec.gov/Archives/edgar/data/1373715/000137371524000272/now-20240630.htm"
  },
  {
    "date": "2024-03-31",
    "symbol": "NOW",
    "reportedCurrency": "USD",
    "cik": "0001373715",
    "fillingDate": "2024-05-06",
    "acceptedDate": "2024-05-06 16:45:56",
    "calendarYear": "2024",
    "period": "Q1",
    "revenue": 2603000000,
    "costOfRevenue": 520000000,
    "grossProfit": 2083000000,
    "grossProfitRatio": 0.8002305033,
    "researchAndDevelopmentExpenses": 606000000,
    "generalAndAdministrativeExpenses": 222000000,
    "sellingAndMarketingExpenses": 923000000,
    "sellingGeneralAndAdministrativeExpenses": 1145000000,
    "otherExpenses": -2000000,
    "operatingExpenses": 1751000000,
    "costAndExpenses": 2271000000,
    "interestIncome": 101000000,
    "interestExpense": 6000000,
    "depreciationAndAmortization": 104000000,
    "ebitda": 436000000,
    "ebitdaratio": 0.1674990396,
    "operatingIncome": 332000000,
    "operatingIncomeRatio": 0.1275451402,
    "totalOtherIncomeExpensesNet": 93000000,
    "incomeBeforeTax": 425000000,
    "incomeBeforeTaxRatio": 0.1632731464,
    "incomeTaxExpense": 78000000,
    "netIncome": 347000000,
    "netIncomeRatio": 0.1333077219,
    "eps": 1.69,
    "epsdiluted": 1.67,
    "weightedAverageShsOut": 205108000,
    "weightedAverageShsOutDil": 207684000,
    "link": "https://www.sec.gov/Archives/edgar/data/1373715/000137371524000169/0001373715-24-000169-index.htm",
    "finalLink": "https://www.sec.gov/Archives/edgar/data/1373715/000137371524000169/now-20240331.htm"
  },
  {
    "date": "2023-12-31",
    "symbol": "NOW",
    "reportedCurrency": "USD",
    "cik": "0001373715",
    "fillingDate": "2024-01-25",
    "acceptedDate": "2024-01-25 16:59:25",
    "calendarYear": "2023",
    "period": "Q4",
    "revenue": 2437000000,
    "costOfRevenue": 516000000,
    "grossProfit": 1921000000,
    "grossProfitRatio": 0.7882642593,
    "researchAndDevelopmentExpenses": 562000000,
    "generalAndAdministrativeExpenses": 242000000,
    "sellingAndMarketingExpenses": 847000000,
    "sellingGeneralAndAdministrativeExpenses": 1089000000,
    "otherExpenses": -3000000,
    "operatingExpenses": 1651000000,
    "costAndExpenses": 2167000000,
    "interestIncome": 86000000,
    "interestExpense": 6000000,
    "depreciationAndAmortization": 127000000,
    "ebitda": 480000000,
    "ebitdaratio": 0.1969634797,
    "operatingIncome": 270000000,
    "operatingIncomeRatio": 0.1107919573,
    "totalOtherIncomeExpensesNet": 77000000,
    "incomeBeforeTax": 347000000,
    "incomeBeforeTaxRatio": 0.1423881822,
    "incomeTaxExpense": 52000000,
    "netIncome": 295000000,
    "netIncomeRatio": 0.1210504719,
    "eps": 1.44,
    "epsdiluted": 1.43,
    "weightedAverageShsOut": 205000000,
    "weightedAverageShsOutDil": 207000000,
    "link": "https://www.sec.gov/Archives/edgar/data/1373715/000137371524000030/0001373715-24-000030-index.htm",
    "finalLink": "https://www.sec.gov/Archives/edgar/data/1373715/000137371524000030/now-20231231.htm"
  },
  {
    "date": "2023-09-30",
    "symbol": "NOW",
    "reportedCurrency": "USD",
    "cik": "0001373715",
    "fillingDate": "2023-10-26",
    "acceptedDate": "2023-10-25 19:20:50",
    "calendarYear": "2023",
    "period": "Q3",
    "revenue": 2288000000,
    "costOfRevenue": 496000000,
    "grossProfit": 1792000000,
    "grossProfitRatio": 0.7832167832,
    "researchAndDevelopmentExpenses": 549000000,
    "generalAndAdministrativeExpenses": 213000000,
    "sellingAndMarketingExpenses": 799000000,
    "sellingGeneralAndAdministrativeExpenses": 1012000000,
    "otherExpenses": -14000000,
    "operatingExpenses": 1561000000,
    "costAndExpenses": 2057000000,
    "interestIncome": 82000000,
    "interestExpense": 6000000,
    "depreciationAndAmortization": 119000000,
    "ebitda": 424000000,
    "ebitdaratio": 0.1853146853,
    "operatingIncome": 231000000,
    "operatingIncomeRatio": 0.1009615385,
    "totalOtherIncomeExpensesNet": 68000000,
    "incomeBeforeTax": 299000000,
    "incomeBeforeTaxRatio": 0.1306818182,
    "incomeTaxExpense": 57000000,
    "netIncome": 242000000,
    "netIncomeRatio": 0.1057692308,
    "eps": 1.18,
    "epsdiluted": 1.17,
    "weightedAverageShsOut": 204464000,
    "weightedAverageShsOutDil": 206277000,
    "link": "https://www.sec.gov/Archives/edgar/data/1373715/000137371523000419/0001373715-23-000419-index.htm",
    "finalLink": "https://www.sec.gov/Archives/edgar/data/1373715/000137371523000419/now-20230930.htm"
  },
  {
    "date": "2023-06-30",
    "symbol": "NOW",
    "reportedCurrency": "USD",
    "cik": "0001373715",
    "fillingDate": "2023-07-27",
    "acceptedDate": "2023-07-26 19:16:15",
    "calendarYear": "2023",
    "period": "Q2",
    "revenue": 2150000000,
    "costOfRevenue": 471000000,
    "grossProfit": 1679000000,
    "grossProfitRatio": 0.7809302326,
    "researchAndDevelopmentExpenses": 521000000,
    "generalAndAdministrativeExpenses": 209000000,
    "sellingAndMarketingExpenses": 832000000,
    "sellingGeneralAndAdministrativeExpenses": 1041000000,
    "otherExpenses": -17000000,
    "operatingExpenses": 1562000000,
    "costAndExpenses": 2033000000,
    "interestIncome": 74000000,
    "interestExpense": 6000000,
    "depreciationAndAmortization": 110000000,
    "ebitda": 290000000,
    "ebitdaratio": 0.1348837209,
    "operatingIncome": 117000000,
    "operatingIncomeRatio": 0.0544186047,
    "totalOtherIncomeExpensesNet": 57000000,
    "incomeBeforeTax": 174000000,
    "incomeBeforeTaxRatio": 0.0809302326,
    "incomeTaxExpense": -870000000,
    "netIncome": 1044000000,
    "netIncomeRatio": 0.4855813953,
    "eps": 5.12,
    "epsdiluted": 5.08,
    "weightedAverageShsOut": 204021000,
    "weightedAverageShsOutDil": 205351000,
    "link": "https://www.sec.gov/Archives/edgar/data/1373715/000137371523000325/0001373715-23-000325-index.htm",
    "finalLink": "https://www.sec.gov/Archives/edgar/data/1373715/000137371523000325/now-20230630.htm"
  },
  {
    "date": "2023-03-31",
    "symbol": "NOW",
    "reportedCurrency": "USD",
    "cik": "0001373715",
    "fillingDate": "2023-04-27",
    "acceptedDate": "2023-04-26 19:12:19",
    "calendarYear": "2023",
    "period": "Q1",
    "revenue": 2096000000,
    "costOfRevenue": 438000000,
    "grossProfit": 1658000000,
    "grossProfitRatio": 0.7910305344,
    "researchAndDevelopmentExpenses": 492000000,
    "generalAndAdministrativeExpenses": 199000000,
    "sellingAndMarketingExpenses": 823000000,
    "sellingGeneralAndAdministrativeExpenses": 1022000000,
    "otherExpenses": 0,
    "operatingExpenses": 1514000000,
    "costAndExpenses": 1952000000,
    "interestIncome": 60000000,
    "interestExpense": 6000000,
    "depreciationAndAmortization": 126000000,
    "ebitda": 320000000,
    "ebitdaratio": 0.1526717557,
    "operatingIncome": 144000000,
    "operatingIncomeRatio": 0.0687022901,
    "totalOtherIncomeExpensesNet": 44000000,
    "incomeBeforeTax": 188000000,
    "incomeBeforeTaxRatio": 0.0896946565,
    "incomeTaxExpense": 38000000,
    "netIncome": 150000000,
    "netIncomeRatio": 0.0715648855,
    "eps": 0.74,
    "epsdiluted": 0.73,
    "weightedAverageShsOut": 203385000,
    "weightedAverageShsOutDil": 204263000,
    "link": "https://www.sec.gov/Archives/edgar/data/1373715/000137371523000166/0001373715-23-000166-index.htm",
    "finalLink": "https://www.sec.gov/Archives/edgar/data/1373715/000137371523000166/now-20230331.htm"
  },
  {
    "date": "2022-12-31",
    "symbol": "NOW",
    "reportedCurrency": "USD",
    "cik": "0001373715",
    "fillingDate": "2023-01-31",
    "acceptedDate": "2023-01-30 17:43:36",
    "calendarYear": "2022",
    "period": "Q4",
    "revenue": 1940000000,
    "costOfRevenue": 415000000,
    "grossProfit": 1525000000,
    "grossProfitRatio": 0.7860824742,
    "researchAndDevelopmentExpenses": 454000000,
    "generalAndAdministrativeExpenses": 194000000,
    "sellingAndMarketingExpenses": 722000000,
    "sellingGeneralAndAdministrativeExpenses": 916000000,
    "otherExpenses": 35000000,
    "operatingExpenses": 1370000000,
    "costAndExpenses": 1785000000,
    "interestIncome": 39000000,
    "interestExpense": 7000000,
    "depreciationAndAmortization": 98000000,
    "ebitda": 288000000,
    "ebitdaratio": 0.1484536082,
    "operatingIncome": 155000000,
    "operatingIncomeRatio": 0.0798969072,
    "totalOtherIncomeExpensesNet": 28000000,
    "incomeBeforeTax": 183000000,
    "incomeBeforeTaxRatio": 0.0943298969,
    "incomeTaxExpense": 33000000,
    "netIncome": 150000000,
    "netIncomeRatio": 0.0773195876,
    "eps": 0.74,
    "epsdiluted": 0.74,
    "weightedAverageShsOut": 203000000,
    "weightedAverageShsOutDil": 203000000,
    "link": "https://www.sec.gov/Archives/edgar/data/1373715/000137371523000035/0001373715-23-000035-index.htm",
    "finalLink": "https://www.sec.gov/Archives/edgar/data/1373715/000137371523000035/now-20221231.htm"
  },
  {
    "date": "2022-09-30",
    "symbol": "NOW",
    "reportedCurrency": "USD",
    "cik": "0001373715",
    "fillingDate": "2022-10-27",
    "acceptedDate": "2022-10-26 19:05:08",
    "calendarYear": "2022",
    "period": "Q3",
    "revenue": 1831000000,
    "costOfRevenue": 400000000,
    "grossProfit": 1431000000,
    "grossProfitRatio": 0.781540142,
    "researchAndDevelopmentExpenses": 456000000,
    "generalAndAdministrativeExpenses": 187000000,
    "sellingAndMarketingExpenses": 697000000,
    "sellingGeneralAndAdministrativeExpenses": 884000000,
    "otherExpenses": 19000000,
    "operatingExpenses": 1340000000,
    "costAndExpenses": 1740000000,
    "interestIncome": 26000000,
    "interestExpense": 8000000,
    "depreciationAndAmortization": 86000000,
    "ebitda": 196000000,
    "ebitdaratio": 0.1070453304,
    "operatingIncome": 91000000,
    "operatingIncomeRatio": 0.0496996177,
    "totalOtherIncomeExpensesNet": 11000000,
    "incomeBeforeTax": 102000000,
    "incomeBeforeTaxRatio": 0.0557072638,
    "incomeTaxExpense": 22000000,
    "netIncome": 80000000,
    "netIncomeRatio": 0.0436919716,
    "eps": 0.4,
    "epsdiluted": 0.39,
    "weightedAverageShsOut": 202000000,
    "weightedAverageShsOutDil": 203000000,
    "link": "https://www.sec.gov/Archives/edgar/data/1373715/000137371522000330/0001373715-22-000330-index.htm",
    "finalLink": "https://www.sec.gov/Archives/edgar/data/1373715/000137371522000330/now-20220930.htm"
  },
  {
    "date": "2022-06-30",
    "symbol": "NOW",
    "reportedCurrency": "USD",
    "cik": "0001373715",
    "fillingDate": "2022-07-28",
    "acceptedDate": "2022-07-27 19:11:16",
    "calendarYear": "2022",
    "period": "Q2",
    "revenue": 1752000000,
    "costOfRevenue": 389000000,
    "grossProfit": 1363000000,
    "grossProfitRatio": 0.7779680365,
    "researchAndDevelopmentExpenses": 444000000,
    "generalAndAdministrativeExpenses": 175000000,
    "sellingAndMarketingExpenses": 722000000,
    "sellingGeneralAndAdministrativeExpenses": 897000000,
    "otherExpenses": 13000000,
    "operatingExpenses": 1341000000,
    "costAndExpenses": 1730000000,
    "interestIncome": 12000000,
    "interestExpense": 6000000,
    "depreciationAndAmortization": 81000000,
    "ebitda": 116000000,
    "ebitdaratio": 0.0662100457,
    "operatingIncome": 22000000,
    "operatingIncomeRatio": 0.0125570776,
    "totalOtherIncomeExpensesNet": 7000000,
    "incomeBeforeTax": 29000000,
    "incomeBeforeTaxRatio": 0.0165525114,
    "incomeTaxExpense": 9000000,
    "netIncome": 20000000,
    "netIncomeRatio": 0.0114155251,
    "eps": 0.0995,
    "epsdiluted": 0.0985,
    "weightedAverageShsOut": 201000000,
    "weightedAverageShsOutDil": 203000000,
    "link": "https://www.sec.gov/Archives/edgar/data/1373715/000137371522000241/0001373715-22-000241-index.htm",
    "finalLink": "https://www.sec.gov/Archives/edgar/data/1373715/000137371522000241/now-20220630.htm"
  },
  {
    "date": "2022-03-31",
    "symbol": "NOW",
    "reportedCurrency": "USD",
    "cik": "0001373715",
    "fillingDate": "2022-04-28",
    "acceptedDate": "2022-04-27 19:12:19",
    "calendarYear": "2022",
    "period": "Q1",
    "revenue": 1722000000,
    "costOfRevenue": 369000000,
    "grossProfit": 1353000000,
    "grossProfitRatio": 0.7857142857,
    "researchAndDevelopmentExpenses": 414000000,
    "generalAndAdministrativeExpenses": 179000000,
    "sellingAndMarketingExpenses": 673000000,
    "sellingGeneralAndAdministrativeExpenses": 852000000,
    "otherExpenses": 4000000,
    "operatingExpenses": 1266000000,
    "costAndExpenses": 1635000000,
    "interestIncome": 6000000,
    "interestExpense": 6000000,
    "depreciationAndAmortization": 78000000,
    "ebitda": 169000000,
    "ebitdaratio": 0.0981416957,
    "operatingIncome": 87000000,
    "operatingIncomeRatio": 0.0505226481,
    "totalOtherIncomeExpensesNet": -2000000,
    "incomeBeforeTax": 85000000,
    "incomeBeforeTaxRatio": 0.0493612079,
    "incomeTaxExpense": 10000000,
    "netIncome": 75000000,
    "netIncomeRatio": 0.043554007,
    "eps": 0.38,
    "epsdiluted": 0.37,
    "weightedAverageShsOut": 200000000,
    "weightedAverageShsOutDil": 203000000,
    "link": "https://www.sec.gov/Archives/edgar/data/1373715/000137371522000134/0001373715-22-000134-index.htm",
    "finalLink": "https://www.sec.gov/Archives/edgar/data/1373715/000137371522000134/now-20220331.htm"
  },
  {
    "date": "2021-12-31",
    "symbol": "NOW",
    "reportedCurrency": "USD",
    "cik": "0001373715",
    "fillingDate": "2022-02-03",
    "acceptedDate": "2022-02-03 17:07:54",
    "calendarYear": "2021",
    "period": "Q4",
    "revenue": 1614000000,
    "costOfRevenue": 375000000,
    "grossProfit": 1239000000,
    "grossProfitRatio": 0.7676579926,
    "researchAndDevelopmentExpenses": 392000000,
    "generalAndAdministrativeExpenses": 180000000,
    "sellingAndMarketingExpenses": 632000000,
    "sellingGeneralAndAdministrativeExpenses": 812000000,
    "otherExpenses": 4000000,
    "operatingExpenses": 1204000000,
    "costAndExpenses": 1579000000,
    "interestIncome": 5000000,
    "interestExpense": 7000000,
    "depreciationAndAmortization": 104000000,
    "ebitda": 143000000,
    "ebitdaratio": 0.0885997522,
    "operatingIncome": 35000000,
    "operatingIncomeRatio": 0.021685254,
    "totalOtherIncomeExpensesNet": -3000000,
    "incomeBeforeTax": 32000000,
    "incomeBeforeTaxRatio": 0.019826518,
    "incomeTaxExpense": 6000000,
    "netIncome": 26000000,
    "netIncomeRatio": 0.0161090458,
    "eps": 0.13,
    "epsdiluted": 0.13,
    "weightedAverageShsOut": 199000000,
    "weightedAverageShsOutDil": 204000000,
    "link": "https://www.sec.gov/Archives/edgar/data/1373715/000137371522000024/0001373715-22-000024-index.htm",
    "finalLink": "https://www.sec.gov/Archives/edgar/data/1373715/000137371522000024/now-20211231.htm"
  },
  {
    "date": "2021-09-30",
    "symbol": "NOW",
    "reportedCurrency": "USD",
    "cik": "0001373715",
    "fillingDate": "2021-10-28",
    "acceptedDate": "2021-10-27 19:41:33",
    "calendarYear": "2021",
    "period": "Q3",
    "revenue": 1512000000,
    "costOfRevenue": 350000000,
    "grossProfit": 1162000000,
    "grossProfitRatio": 0.7685185185,
    "researchAndDevelopmentExpenses": 358000000,
    "generalAndAdministrativeExpenses": 151000000,
    "sellingAndMarketingExpenses": 579000000,
    "sellingGeneralAndAdministrativeExpenses": 730000000,
    "otherExpenses": 1000000,
    "operatingExpenses": 1088000000,
    "costAndExpenses": 1438000000,
    "interestIncome": 5000000,
    "interestExpense": 7000000,
    "depreciationAndAmortization": 103000000,
    "ebitda": 178000000,
    "ebitdaratio": 0.1177248677,
    "operatingIncome": 74000000,
    "operatingIncomeRatio": 0.0489417989,
    "totalOtherIncomeExpensesNet": -6000000,
    "incomeBeforeTax": 68000000,
    "incomeBeforeTaxRatio": 0.044973545,
    "incomeTaxExpense": 5000000,
    "netIncome": 63000000,
    "netIncomeRatio": 0.0416666667,
    "eps": 0.32,
    "epsdiluted": 0.31,
    "weightedAverageShsOut": 199000000,
    "weightedAverageShsOutDil": 203000000,
    "link": "https://www.sec.gov/Archives/edgar/data/1373715/000137371521000292/0001373715-21-000292-index.htm",
    "finalLink": "https://www.sec.gov/Archives/edgar/data/1373715/000137371521000292/now-20210930.htm"
  },
  {
    "date": "2021-06-30",
    "symbol": "NOW",
    "reportedCurrency": "USD",
    "cik": "0001373715",
    "fillingDate": "2021-07-29",
    "acceptedDate": "2021-07-28 19:36:33",
    "calendarYear": "2021",
    "period": "Q2",
    "revenue": 1409000000,
    "costOfRevenue": 329000000,
    "grossProfit": 1080000000,
    "grossProfitRatio": 0.7665010646,
    "researchAndDevelopmentExpenses": 333000000,
    "generalAndAdministrativeExpenses": 139000000,
    "sellingAndMarketingExpenses": 557000000,
    "sellingGeneralAndAdministrativeExpenses": 696000000,
    "otherExpenses": 6000000,
    "operatingExpenses": 1029000000,
    "costAndExpenses": 1358000000,
    "interestIncome": 5000000,
    "interestExpense": 7000000,
    "depreciationAndAmortization": 94000000,
    "ebitda": 151000000,
    "ebitdaratio": 0.1071682044,
    "operatingIncome": 51000000,
    "operatingIncomeRatio": 0.0361958836,
    "totalOtherIncomeExpensesNet": -1000000,
    "incomeBeforeTax": 50000000,
    "incomeBeforeTaxRatio": 0.0354861604,
    "incomeTaxExpense": -9000000,
    "netIncome": 59000000,
    "netIncomeRatio": 0.0418736693,
    "eps": 0.3,
    "epsdiluted": 0.29,
    "weightedAverageShsOut": 198000000,
    "weightedAverageShsOutDil": 202000000,
    "link": "https://www.sec.gov/Archives/edgar/data/1373715/000137371521000202/0001373715-21-000202-index.htm",
    "finalLink": "https://www.sec.gov/Archives/edgar/data/1373715/000137371521000202/now-20210630.htm"
  },
  {
    "date": "2021-03-31",
    "symbol": "NOW",
    "reportedCurrency": "USD",
    "cik": "0001373715",
    "fillingDate": "2021-04-29",
    "acceptedDate": "2021-04-28 19:14:06",
    "calendarYear": "2021",
    "period": "Q1",
    "revenue": 1360000000,
    "costOfRevenue": 299000000,
    "grossProfit": 1061000000,
    "grossProfitRatio": 0.7801470588,
    "researchAndDevelopmentExpenses": 314000000,
    "generalAndAdministrativeExpenses": 126000000,
    "sellingAndMarketingExpenses": 524000000,
    "sellingGeneralAndAdministrativeExpenses": 650000000,
    "otherExpenses": 9000000,
    "operatingExpenses": 964000000,
    "costAndExpenses": 1263000000,
    "interestIncome": 6000000,
    "interestExpense": 7000000,
    "depreciationAndAmortization": 106000000,
    "ebitda": 203000000,
    "ebitdaratio": 0.1492647059,
    "operatingIncome": 97000000,
    "operatingIncomeRatio": 0.0713235294,
    "totalOtherIncomeExpensesNet": 2000000,
    "incomeBeforeTax": 99000000,
    "incomeBeforeTaxRatio": 0.0727941176,
    "incomeTaxExpense": 17000000,
    "netIncome": 82000000,
    "netIncomeRatio": 0.0602941176,
    "eps": 0.42,
    "epsdiluted": 0.41,
    "weightedAverageShsOut": 197000000,
    "weightedAverageShsOutDil": 202000000,
    "link": "https://www.sec.gov/Archives/edgar/data/1373715/000137371521000114/0001373715-21-000114-index.htm",
    "finalLink": "https://www.sec.gov/Archives/edgar/data/1373715/000137371521000114/now-20210331.htm"
  },
  {
    "date": "2020-12-31",
    "symbol": "NOW",
    "reportedCurrency": "USD",
    "cik": "0001373715",
    "fillingDate": "2021-02-12",
    "acceptedDate": "2021-02-11 19:17:55",
    "calendarYear": "2020",
    "period": "Q4",
    "revenue": 1250330000,
    "costOfRevenue": 279104000,
    "grossProfit": 971226000,
    "grossProfitRatio": 0.7767757312,
    "researchAndDevelopmentExpenses": 284297000,
    "generalAndAdministrativeExpenses": 135146000,
    "sellingAndMarketingExpenses": 533853000,
    "sellingGeneralAndAdministrativeExpenses": 668999000,
    "otherExpenses": 3138000,
    "operatingExpenses": 953296000,
    "costAndExpenses": 1232400000,
    "interestIncome": 6750000,
    "interestExpense": 7708000,
    "depreciationAndAmortization": 93033000,
    "ebitda": 97068000,
    "ebitdaratio": 0.0776339046,
    "operatingIncome": 17930000,
    "operatingIncomeRatio": 0.0143402142,
    "totalOtherIncomeExpensesNet": -4570000,
    "incomeBeforeTax": 13360000,
    "incomeBeforeTaxRatio": 0.0106851791,
    "incomeTaxExpense": -3288000,
    "netIncome": 16648000,
    "netIncomeRatio": 0.0133148849,
    "eps": 0.09,
    "epsdiluted": 0.08,
    "weightedAverageShsOut": 195461000,
    "weightedAverageShsOutDil": 202455000,
    "link": "https://www.sec.gov/Archives/edgar/data/1373715/000137371521000061/0001373715-21-000061-index.htm",
    "finalLink": "https://www.sec.gov/Archives/edgar/data/1373715/000137371521000061/now-20201231.htm"
  },
  {
    "date": "2020-09-30",
    "symbol": "NOW",
    "reportedCurrency": "USD",
    "cik": "0001373715",
    "fillingDate": "2020-10-29",
    "acceptedDate": "2020-10-28 20:12:16",
    "calendarYear": "2020",
    "period": "Q3",
    "revenue": 1151972000,
    "costOfRevenue": 251704000,
    "grossProfit": 900268000,
    "grossProfitRatio": 0.7815016337,
    "researchAndDevelopmentExpenses": 268292000,
    "generalAndAdministrativeExpenses": 109234000,
    "sellingAndMarketingExpenses": 453410000,
    "sellingGeneralAndAdministrativeExpenses": 562644000,
    "otherExpenses": -35919000,
    "operatingExpenses": 830936000,
    "costAndExpenses": 1082640000,
    "interestIncome": 8245000,
    "interestExpense": 43899000,
    "depreciationAndAmortization": 84720000,
    "ebitda": 154052000,
    "ebitdaratio": 0.1337289448,
    "operatingIncome": 69332000,
    "operatingIncomeRatio": 0.0601854906,
    "totalOtherIncomeExpensesNet": -43899000,
    "incomeBeforeTax": 25433000,
    "incomeBeforeTaxRatio": 0.0220777936,
    "incomeTaxExpense": 12575000,
    "netIncome": 12858000,
    "netIncomeRatio": 0.0111617296,
    "eps": 0.07,
    "epsdiluted": 0.06,
    "weightedAverageShsOut": 193237000,
    "weightedAverageShsOutDil": 201861000,
    "link": "https://www.sec.gov/Archives/edgar/data/1373715/000137371520000257/0001373715-20-000257-index.htm",
    "finalLink": "https://www.sec.gov/Archives/edgar/data/1373715/000137371520000257/now-20200930.htm"
  },
  {
    "date": "2020-06-30",
    "symbol": "NOW",
    "reportedCurrency": "USD",
    "cik": "0001373715",
    "fillingDate": "2020-07-30",
    "acceptedDate": "2020-07-29 20:06:18",
    "calendarYear": "2020",
    "period": "Q2",
    "revenue": 1070842000,
    "costOfRevenue": 232939000,
    "grossProfit": 837903000,
    "grossProfitRatio": 0.7824711769,
    "researchAndDevelopmentExpenses": 245081000,
    "generalAndAdministrativeExpenses": 104037000,
    "sellingAndMarketingExpenses": 426519000,
    "sellingGeneralAndAdministrativeExpenses": 530556000,
    "otherExpenses": 1123000,
    "operatingExpenses": 775637000,
    "costAndExpenses": 1008576000,
    "interestIncome": 8252000,
    "interestExpense": 8488000,
    "depreciationAndAmortization": 82390000,
    "ebitda": 146000000,
    "ebitdaratio": 0.136341309,
    "operatingIncome": 62266000,
    "operatingIncomeRatio": 0.0581467667,
    "totalOtherIncomeExpensesNet": -236000,
    "incomeBeforeTax": 62030000,
    "incomeBeforeTaxRatio": 0.0579263794,
    "incomeTaxExpense": 21264000,
    "netIncome": 40766000,
    "netIncomeRatio": 0.0380691082,
    "eps": 0.21,
    "epsdiluted": 0.2,
    "weightedAverageShsOut": 191319000,
    "weightedAverageShsOutDil": 201453000,
    "link": "https://www.sec.gov/Archives/edgar/data/1373715/000137371520000191/0001373715-20-000191-index.htm",
    "finalLink": "https://www.sec.gov/Archives/edgar/data/1373715/000137371520000191/now-20200630.htm"
  },
  {
    "date": "2020-03-31",
    "symbol": "NOW",
    "reportedCurrency": "USD",
    "cik": "0001373715",
    "fillingDate": "2020-04-30",
    "acceptedDate": "2020-04-30 08:07:04",
    "calendarYear": "2020",
    "period": "Q1",
    "revenue": 1046340000,
    "costOfRevenue": 223366000,
    "grossProfit": 822974000,
    "grossProfitRatio": 0.7865263681,
    "researchAndDevelopmentExpenses": 226657000,
    "generalAndAdministrativeExpenses": 105748000,
    "sellingAndMarketingExpenses": 441234000,
    "sellingGeneralAndAdministrativeExpenses": 546982000,
    "otherExpenses": 129000,
    "operatingExpenses": 773639000,
    "costAndExpenses": 997005000,
    "interestIncome": 7597000,
    "interestExpense": 8570000,
    "depreciationAndAmortization": 76238000,
    "ebitda": 125000000,
    "ebitdaratio": 0.1194640365,
    "operatingIncome": 49335000,
    "operatingIncomeRatio": 0.0471500659,
    "totalOtherIncomeExpensesNet": -973000,
    "incomeBeforeTax": 48362000,
    "incomeBeforeTaxRatio": 0.0462201579,
    "incomeTaxExpense": 131000,
    "netIncome": 48231000,
    "netIncomeRatio": 0.0460949596,
    "eps": 0.25,
    "epsdiluted": 0.24,
    "weightedAverageShsOut": 190163000,
    "weightedAverageShsOutDil": 199938000,
    "link": "https://www.sec.gov/Archives/edgar/data/1373715/000137371520000101/0001373715-20-000101-index.htm",
    "finalLink": "https://www.sec.gov/Archives/edgar/data/1373715/000137371520000101/now-20200331x10q.htm"
  }
]