[
  {
    "date": "2024-12-31",
    "symbol": "NOW",
    "reportedCurrency": "USD",
    "cik": "0001373715",
    "fillingDate": "2025-01-30",
    "acceptedDate": "2025-01-29 21:49:31",
    "calendarYear": "2024",
    "period": "FY",
    "revenue": 10984000000,
    "costOfRevenue": 2287000000,
    "grossProfit": 8697000000,
    "grossProfitRatio": 0.7917880554,
    "researchAndDevelopmentExpenses": 2543000000,
    "generalAndAdministrativeExpenses": 936000000,
    "sellingAndMarketingExpenses": 3854000000,
    "sellingGeneralAndAdministrativeExpenses": 4790000000,
    "otherExpenses": 0,
    "operatingExpenses": 7333000000,
    "costAndExpenses": 9620000000,
    "interestIncome": 419000000,
    "interestExpense": 23000000,
    "depreciationAndAmortization": 564000000,
    "ebitda": 2325000000,
    "ebitdaratio": 0.2116715222,
    "operatingIncome": 1364000000,
    "operatingIncomeRatio": 0.1241806264,
    "totalOtherIncomeExpensesNet": 374000000,
    "incomeBeforeTax": 1738000000,
    "incomeBeforeTaxRatio": 0.1582301529,
    "incomeTaxExpense": 313000000,
    "netIncome": 1425000000,
    "netIncomeRatio": 0.1297341588,
    "eps": 6.92,
    "epsdiluted": 6.84,
    "weightedAverageShsOut": 206000000,
    "weightedAverageShsOutDil": 208423000,
    "link": "https://www.sec.gov/Archives/edgar/data/1373715/000137371525000010/0001373715-25-000010-index.htm",
    "finalLink": "https://www.sec.gov/Archives/edgar/data/1373715/000137371525000010/now-20241231.htm"
  },
  {
    "date": "2023-12-31",
    "symbol": "NOW",
    "reportedCurrency": "USD",
    "cik": "0001373715",
    "fillingDate": "2024-01-25",
    "acceptedDate": "2024-01-25 16:59:25",
    "calendarYear": "2023",
    "period": "FY",
    "revenue": 8971000000,
    "costOfRevenue": 1921000000,
    "grossProfit": 7050000000,
    "grossProfitRatio": 0.7858655668,
    "researchAndDevelopmentExpenses": 2124000000,
    "generalAndAdministrativeExpenses": 863000000,
    "sellingAndMarketingExpenses": 3301000000,
    "sellingGeneralAndAdministrativeExpenses": 4164000000,
    "otherExpenses": 0,
    "operatingExpenses": 6288000000,
    "costAndExpenses": 8209000000,
    "interestIncome": 302000000,
    "interestExpense": 24000000,
    "depreciationAndAmortization": 562000000,
    "ebitda": 1594000000,
    "ebitdaratio": 0.1776836473,
    "operatingIncome": 762000000,
    "operatingIncomeRatio": 0.0849403634,
    "totalOtherIncomeExpensesNet": 246000000,
    "incomeBeforeTax": 1008000000,
    "incomeBeforeTaxRatio": 0.1123620555,
    "incomeTaxExpense": -723000000,
    "netIncome": 1731000000,
    "netIncomeRatio": 0.1929550775,
    "eps": 8.48,
    "epsdiluted": 8.42,
    "weightedAverageShsOut": 204137000,
    "weightedAverageShsOutDil": 205591000,
    "link": "https://www.sec.gov/Archives/edgar/data/1373715/000137371524000030/0001373715-24-000030-index.htm",
    "finalLink": "https://www.sec.gov/Archives/edgar/data/1373715/000137371524000030/now-20231231.htm"
  },
  {
    "date": "2022-12-31",
    "symbol": "NOW",
    "reportedCurrency": "USD",
    "cik": "0001373715",
    "fillingDate": "2023-01-31",
    "acceptedDate": "2023-01-30 17:43:36",
    "calendarYear": "2022",
    "period": "FY",
    "revenue": 7245000000,
    "costOfRevenue": 1573000000,
    "grossProfit": 5672000000,
    "grossProfitRatio": 0.7828847481,
    "researchAndDevelopmentExpenses": 1768000000,
    "generalAndAdministrativeExpenses": 735000000,
    "sellingAndMarketingExpenses": 2814000000,
    "sellingGeneralAndAdministrativeExpenses": 3549000000,
    "otherExpenses": 71000000,
    "operatingExpenses": 5317000000,
    "costAndExpenses": 6890000000,
    "interestIncome": 82000000,
    "interestExpense": 27000000,
    "depreciationAndAmortization": 342000000,
    "ebitda": 768000000,
    "ebitdaratio": 0.1060041408,
    "operatingIncome": 355000000,
    "operatingIncomeRatio": 0.0489993099,
    "totalOtherIncomeExpensesNet": 44000000,
    "incomeBeforeTax": 399000000,
    "incomeBeforeTaxRatio": 0.0550724638,
    "incomeTaxExpense": 74000000,
    "netIncome": 325000000,
    "netIncomeRatio": 0.0448585231,
    "eps": 1.61,
    "epsdiluted": 1.6,
    "weightedAverageShsOut": 201430000,
    "weightedAverageShsOutDil": 203535000,
    "link": "https://www.sec.gov/Archives/edgar/data/1373715/000137371523000035/0001373715-23-000035-index.htm",
    "finalLink": "https://www.sec.gov/Archives/edgar/data/1373715/000137371523000035/now-20221231.htm"
  },
  {
    "date": "2021-12-31",
    "symbol": "NOW",
    "reportedCurrency": "USD",
    "cik": "0001373715",
    "fillingDate": "2022-02-03",
    "acceptedDate": "2022-02-03 17:07:54",
    "calendarYear": "2021",
    "period": "FY",
    "revenue": 5896000000,
    "costOfRevenue": 1353000000,
    "grossProfit": 4543000000,
    "grossProfitRatio": 0.7705223881,
    "researchAndDevelopmentExpenses": 1397000000,
    "generalAndAdministrativeExpenses": 597000000,
    "sellingAndMarketingExpenses": 2292000000,
    "sellingGeneralAndAdministrativeExpenses": 2889000000,
    "otherExpenses": 20000000,
    "operatingExpenses": 4286000000,
    "costAndExpenses": 5639000000,
    "interestIncome": 20000000,
    "interestExpense": 28000000,
    "depreciationAndAmortization": 388000000,
    "ebitda": 257000000,
    "ebitdaratio": 0.0435888738,
    "operatingIncome": 257000000,
    "operatingIncomeRatio": 0.0435888738,
    "totalOtherIncomeExpensesNet": -8000000,
    "incomeBeforeTax": 249000000,
    "incomeBeforeTaxRatio": 0.0422320217,
    "incomeTaxExpense": 19000000,
    "netIncome": 230000000,
    "netIncomeRatio": 0.039009498,
    "eps": 1.16,
    "epsdiluted": 1.13,
    "weightedAverageShsOut": 198094000,
    "weightedAverageShsOutDil": 203167000,
    "link": "https://www.sec.gov/Archives/edgar/data/1373715/000137371522000024/0001373715-22-000024-index.htm",
    "finalLink": "https://www.sec.gov/Archives/edgar/data/1373715/000137371522000024/now-20211231.htm"
  },
  {
    "date": "2020-12-31",
    "symbol": "NOW",
    "reportedCurrency": "USD",
    "cik": "0001373715",
    "fillingDate": "2021-02-12",
    "acceptedDate": "2021-02-11 19:17:55",
    "calendarYear": "2020",
    "period": "FY",
    "revenue": 4519484000,
    "costOfRevenue": 987113000,
    "grossProfit": 3532371000,
    "grossProfitRatio": 0.7815872343,
    "researchAndDevelopmentExpenses": 1024327000,
    "generalAndAdministrativeExpenses": 454165000,
    "sellingAndMarketingExpenses": 1855016000,
    "sellingGeneralAndAdministrativeExpenses": 2309181000,
    "otherExpenses": -16932000,
    "operatingExpenses": 3333508000,
    "costAndExpenses": 4320621000,
    "interestIncome": 39483000,
    "interestExpense": 32746000,
    "depreciationAndAmortization": 271000000,
    "ebitda": 452931000,
    "ebitdaratio": 0.1002174142,
    "operatingIncome": 198863000,
    "operatingIncomeRatio": 0.0440012621,
    "totalOtherIncomeExpensesNet": -49678000,
    "incomeBeforeTax": 149185000,
    "incomeBeforeTaxRatio": 0.0330092993,
    "incomeTaxExpense": 30682000,
    "netIncome": 119000000,
    "netIncomeRatio": 0.0263304395,
    "eps": 0.61,
    "epsdiluted": 0.59,
    "weightedAverageShsOut": 193096000,
    "weightedAverageShsOutDil": 202478000,
    "link": "https://www.sec.gov/Archives/edgar/data/1373715/000137371521000061/0001373715-21-000061-index.htm",
    "finalLink": "https://www.sec.gov/Archives/edgar/data/1373715/000137371521000061/now-20201231.htm"
  },
  {
    "date": "2019-12-31",
    "symbol": "NOW",
    "reportedCurrency": "USD",
    "cik": "0001373715",
    "fillingDate": "2020-02-20",
    "acceptedDate": "2020-02-20 07:38:20",
    "calendarYear": "2019",
    "period": "FY",
    "revenue": 3460437000,
    "costOfRevenue": 796645000,
    "grossProfit": 2663792000,
    "grossProfitRatio": 0.7697848567,
    "researchAndDevelopmentExpenses": 748369000,
    "generalAndAdministrativeExpenses": 339016000,
    "sellingAndMarketingExpenses": 1534284000,
    "sellingGeneralAndAdministrativeExpenses": 1873300000,
    "otherExpenses": 3530000,
    "operatingExpenses": 2621669000,
    "costAndExpenses": 3418314000,
    "interestIncome": 58345000,
    "interestExpense": 33283000,
    "depreciationAndAmortization": 202500000,
    "ebitda": 302968000,
    "ebitdaratio": 0.0875519479,
    "operatingIncome": 100468000,
    "operatingIncomeRatio": 0.0290333273,
    "totalOtherIncomeExpensesNet": -33283000,
    "incomeBeforeTax": 67185000,
    "incomeBeforeTaxRatio": 0.0194151779,
    "incomeTaxExpense": -559513000,
    "netIncome": 626698000,
    "netIncomeRatio": 0.1811037161,
    "eps": 3.36,
    "epsdiluted": 3.18,
    "weightedAverageShsOut": 186466000,
    "weightedAverageShsOutDil": 197223000,
    "link": "https://www.sec.gov/Archives/edgar/data/1373715/000137371520000072/0001373715-20-000072-index.htm",
    "finalLink": "https://www.sec.gov/Archives/edgar/data/1373715/000137371520000072/now-20191231x10kxinpro.htm"
  },
  {
    "date": "2018-12-31",
    "symbol": "NOW",
    "reportedCurrency": "USD",
    "cik": "0001373715",
    "fillingDate": "2019-02-27",
    "acceptedDate": "2019-02-27 08:09:32",
    "calendarYear": "2018",
    "period": "FY",
    "revenue": 2608816000,
    "costOfRevenue": 622658000,
    "grossProfit": 1986158000,
    "grossProfitRatio": 0.7613254442,
    "researchAndDevelopmentExpenses": 529501000,
    "generalAndAdministrativeExpenses": 296027000,
    "sellingAndMarketingExpenses": 1203056000,
    "sellingGeneralAndAdministrativeExpenses": 1499083000,
    "otherExpenses": -341000,
    "operatingExpenses": 2028584000,
    "costAndExpenses": 2651242000,
    "interestIncome": 56135000,
    "interestExpense": 52733000,
    "depreciationAndAmortization": 148200000,
    "ebitda": 161909000,
    "ebitdaratio": 0.0620622535,
    "operatingIncome": -42426000,
    "operatingIncomeRatio": -0.0162625498,
    "totalOtherIncomeExpensesNet": 3402000,
    "incomeBeforeTax": -39024000,
    "incomeBeforeTaxRatio": -0.0149585099,
    "incomeTaxExpense": -12320000,
    "netIncome": -26704000,
    "netIncomeRatio": -0.0102360611,
    "eps": -0.15,
    "epsdiluted": -0.15,
    "weightedAverageShsOut": 177846023,
    "weightedAverageShsOutDil": 177846023,
    "link": "https://www.sec.gov/Archives/edgar/data/1373715/000137371519000070/0001373715-19-000070-index.htm",
    "finalLink": "https://www.sec.gov/Archives/edgar/data/1373715/000137371519000070/now-20181231x10k.htm"
  },
  {
    "date": "2017-12-31",
    "symbol": "NOW",
    "reportedCurrency": "USD",
    "cik": "0001373715",
    "fillingDate": "2017-12-31",
    "acceptedDate": "2017-12-31 00:00:00",
    "calendarYear": "2017",
    "period": "FY",
    "revenue": 1933026000,
    "costOfRevenue": 499772000,
    "grossProfit": 1433254000,
    "grossProfitRatio": 0.7414561418,
    "researchAndDevelopmentExpenses": 377518000,
    "generalAndAdministrativeExpenses": 210533000,
    "sellingAndMarketingExpenses": 946617000,
    "sellingGeneralAndAdministrativeExpenses": 1157150000,
    "otherExpenses": 244000,
    "operatingExpenses": 1534668000,
    "costAndExpenses": 2034440000,
    "interestIncome": 5804000,
    "interestExpense": 53394000,
    "depreciationAndAmortization": 112900000,
    "ebitda": 49479000,
    "ebitdaratio": 0.0255966552,
    "operatingIncome": -101414000,
    "operatingIncomeRatio": -0.0524638572,
    "totalOtherIncomeExpensesNet": -49010000,
    "incomeBeforeTax": -149004000,
    "incomeBeforeTaxRatio": -0.0770832881,
    "incomeTaxExpense": 126000,
    "netIncome": -149130000,
    "netIncomeRatio": -0.0771484708,
    "eps": -0.87,
    "epsdiluted": -0.87,
    "weightedAverageShsOut": 171175577,
    "weightedAverageShsOutDil": 171175577,
    "link": null,
    "finalLink": null
  },
  {
    "date": "2016-12-31",
    "symbol": "NOW",
    "reportedCurrency": "USD",
    "cik": "0001373715",
    "fillingDate": "2017-02-28",
    "acceptedDate": "2017-02-28 16:57:49",
    "calendarYear": "2016",
    "period": "FY",
    "revenue": 1390513000,
    "costOfRevenue": 398682000,
    "grossProfit": 991831000,
    "grossProfitRatio": 0.7132842339,
    "researchAndDevelopmentExpenses": 285239000,
    "generalAndAdministrativeExpenses": 158936000,
    "sellingAndMarketingExpenses": 700464000,
    "sellingGeneralAndAdministrativeExpenses": 859400000,
    "otherExpenses": 251000,
    "operatingExpenses": 1144639000,
    "costAndExpenses": 1543321000,
    "interestIncome": 6035000,
    "interestExpense": 33278000,
    "depreciationAndAmortization": 83082000,
    "ebitda": -333691000,
    "ebitdaratio": -0.2399769006,
    "operatingIncome": -422808000,
    "operatingIncomeRatio": -0.3040661972,
    "totalOtherIncomeExpensesNet": -28251000,
    "incomeBeforeTax": -450051000,
    "incomeBeforeTaxRatio": -0.323658247,
    "incomeTaxExpense": 1753000,
    "netIncome": -451804000,
    "netIncomeRatio": -0.3249189328,
    "eps": -2.75,
    "epsdiluted": -2.75,
    "weightedAverageShsOut": 164533823,
    "weightedAverageShsOutDil": 164533823,
    "link": "https://www.sec.gov/Archives/edgar/data/1373715/000137371517000026/0001373715-17-000026-index.htm",
    "finalLink": "https://www.sec.gov/Archives/edgar/data/1373715/000137371517000026/now-20161231x10k.htm"
  },
  {
    "date": "2015-12-31",
    "symbol": "NOW",
    "reportedCurrency": "USD",
    "cik": "0001373715",
    "fillingDate": "2016-02-25",
    "acceptedDate": "2016-02-25 17:24:05",
    "calendarYear": "2015",
    "period": "FY",
    "revenue": 1005480000,
    "costOfRevenue": 329413000,
    "grossProfit": 676067000,
    "grossProfitRatio": 0.6723823448,
    "researchAndDevelopmentExpenses": 217389000,
    "generalAndAdministrativeExpenses": 126604000,
    "sellingAndMarketingExpenses": 498439000,
    "sellingGeneralAndAdministrativeExpenses": 625043000,
    "otherExpenses": -350000,
    "operatingExpenses": 842432000,
    "costAndExpenses": 1171845000,
    "interestIncome": 4749000,
    "interestExpense": 26647000,
    "depreciationAndAmortization": 60356000,
    "ebitda": -101559000,
    "ebitdaratio": -0.1010054899,
    "operatingIncome": -166365000,
    "operatingIncomeRatio": -0.1654582886,
    "totalOtherIncomeExpensesNet": -26647000,
    "incomeBeforeTax": -193012000,
    "incomeBeforeTaxRatio": -0.1919600589,
    "incomeTaxExpense": 5414000,
    "netIncome": -198426000,
    "netIncomeRatio": -0.1973445519,
    "eps": -1.27,
    "epsdiluted": -1.27,
    "weightedAverageShsOut": 155706643,
    "weightedAverageShsOutDil": 155706643,
    "link": "https://www.sec.gov/Archives/edgar/data/1373715/000137371516000324/0001373715-16-000324-index.htm",
    "finalLink": "https://www.sec.gov/Archives/edgar/data/1373715/000137371516000324/now-20151231x10k.htm"
  }
]