[
  {
    "date": "2024-12-31",
    "symbol": "ZIM",
    "reportedCurrency": "USD",
    "cik": "0001654126",
    "fillingDate": "2025-03-12",
    "acceptedDate": "2025-03-12 07:11:49",
    "calendarYear": "2024",
    "period": "FY",
    "revenue": 8427400000,
    "costOfRevenue": 5643400000,
    "grossProfit": 2784000000,
    "grossProfitRatio": 0.3303509979,
    "researchAndDevelopmentExpenses": 0,
    "generalAndAdministrativeExpenses": 248100000,
    "sellingAndMarketingExpenses": 7200000,
    "sellingGeneralAndAdministrativeExpenses": 255300000,
    "otherExpenses": 1400000,
    "operatingExpenses": 256700000,
    "costAndExpenses": 5900100000,
    "interestIncome": 120400000,
    "interestExpense": 467700000,
    "depreciationAndAmortization": 1142500000,
    "ebitda": 3815200000,
    "ebitdaratio": 0.452713767,
    "operatingIncome": 2527300000,
    "operatingIncomeRatio": 0.2998908323,
    "totalOtherIncomeExpensesNet": -322300000,
    "incomeBeforeTax": 2205000000,
    "incomeBeforeTaxRatio": 0.2616465339,
    "incomeTaxExpense": 51200000,
    "netIncome": 2147700000,
    "netIncomeRatio": 0.2548472839,
    "eps": 17.84,
    "epsdiluted": 17.82,
    "weightedAverageShsOut": 120357315,
    "weightedAverageShsOutDil": 120492425,
    "link": "https://www.sec.gov/Archives/edgar/data/1654126/000117891325000793/0001178913-25-000793-index.htm",
    "finalLink": "https://www.sec.gov/Archives/edgar/data/1654126/000117891325000793/zk2532795.htm"
  },
  {
    "date": "2023-12-31",
    "symbol": "ZIM",
    "reportedCurrency": "USD",
    "cik": "0001654126",
    "fillingDate": "2024-03-13",
    "acceptedDate": "2024-03-13 07:18:09",
    "calendarYear": "2023",
    "period": "FY",
    "revenue": 5162200000,
    "costOfRevenue": 7369800000,
    "grossProfit": -2207600000,
    "grossProfitRatio": -0.4276471272,
    "researchAndDevelopmentExpenses": 0,
    "generalAndAdministrativeExpenses": 233500000,
    "sellingAndMarketingExpenses": 8000000,
    "sellingGeneralAndAdministrativeExpenses": 233500000,
    "otherExpenses": 69900000,
    "operatingExpenses": 303400000,
    "costAndExpenses": 7673200000,
    "interestIncome": 142200000,
    "interestExpense": 380800000,
    "depreciationAndAmortization": 1471800000,
    "ebitda": -955100000,
    "ebitdaratio": -0.1850180156,
    "operatingIncome": -2511000000,
    "operatingIncomeRatio": -0.4864205184,
    "totalOtherIncomeExpensesNet": -304500000,
    "incomeBeforeTax": -2815500000,
    "incomeBeforeTaxRatio": -0.545406997,
    "incomeTaxExpense": -127600000,
    "netIncome": -2695600000,
    "netIncomeRatio": -0.5221804657,
    "eps": -22.42,
    "epsdiluted": -22.42,
    "weightedAverageShsOut": 120213031,
    "weightedAverageShsOutDil": 120213031,
    "link": "https://www.sec.gov/Archives/edgar/data/1654126/000117891324000920/0001178913-24-000920-index.htm",
    "finalLink": "https://www.sec.gov/Archives/edgar/data/1654126/000117891324000920/zk2431081.htm"
  },
  {
    "date": "2022-12-31",
    "symbol": "ZIM",
    "reportedCurrency": "USD",
    "cik": "0001654126",
    "fillingDate": "2023-03-13",
    "acceptedDate": "2023-03-13 07:34:40",
    "calendarYear": "2022",
    "period": "FY",
    "revenue": 12561600000,
    "costOfRevenue": 6134800000,
    "grossProfit": 6426800000,
    "grossProfitRatio": 0.5116227232,
    "researchAndDevelopmentExpenses": 0,
    "generalAndAdministrativeExpenses": 338300000,
    "sellingAndMarketingExpenses": 0,
    "sellingGeneralAndAdministrativeExpenses": 338300000,
    "otherExpenses": -48000000,
    "operatingExpenses": 290300000,
    "costAndExpenses": 6425100000,
    "interestIncome": 130900000,
    "interestExpense": 239400000,
    "depreciationAndAmortization": 1396300000,
    "ebitda": 7649100000,
    "ebitdaratio": 0.6089272067,
    "operatingIncome": 6135800000,
    "operatingIncomeRatio": 0.4884568845,
    "totalOtherIncomeExpensesNet": -108500000,
    "incomeBeforeTax": 6027300000,
    "incomeBeforeTaxRatio": 0.4798194498,
    "incomeTaxExpense": 1398300000,
    "netIncome": 4619400000,
    "netIncomeRatio": 0.3677397784,
    "eps": 38.49,
    "epsdiluted": 38.35,
    "weightedAverageShsOut": 120012375,
    "weightedAverageShsOutDil": 120444889,
    "link": "https://www.sec.gov/Archives/edgar/data/1654126/000117891323000936/0001178913-23-000936-index.htm",
    "finalLink": "https://www.sec.gov/Archives/edgar/data/1654126/000117891323000936/zk2329334.htm"
  },
  {
    "date": "2021-12-31",
    "symbol": "ZIM",
    "reportedCurrency": "USD",
    "cik": "0001654126",
    "fillingDate": "2022-03-09",
    "acceptedDate": "2022-03-09 07:32:32",
    "calendarYear": "2021",
    "period": "FY",
    "revenue": 10728698000,
    "costOfRevenue": 4662207000,
    "grossProfit": 6066491000,
    "grossProfitRatio": 0.5654452199,
    "researchAndDevelopmentExpenses": 0,
    "generalAndAdministrativeExpenses": 267709000,
    "sellingAndMarketingExpenses": 0,
    "sellingGeneralAndAdministrativeExpenses": 267709000,
    "otherExpenses": -13564000,
    "operatingExpenses": 254145000,
    "costAndExpenses": 4916352000,
    "interestIncome": 18786000,
    "interestExpense": 175595000,
    "depreciationAndAmortization": 779223000,
    "ebitda": 6603658000,
    "ebitdaratio": 0.6155134575,
    "operatingIncome": 5816301000,
    "operatingIncomeRatio": 0.5421255217,
    "totalOtherIncomeExpensesNet": -156800000,
    "incomeBeforeTax": 5659492000,
    "incomeBeforeTaxRatio": 0.5275096755,
    "incomeTaxExpense": 1010347000,
    "netIncome": 4640300000,
    "netIncomeRatio": 0.4325128734,
    "eps": 40.31,
    "epsdiluted": 39.02,
    "weightedAverageShsOut": 115105504,
    "weightedAverageShsOutDil": 118933723,
    "link": "https://www.sec.gov/Archives/edgar/data/1654126/000141057822000304/0001410578-22-000304-index.htm",
    "finalLink": "https://www.sec.gov/Archives/edgar/data/1654126/000141057822000304/tmb-20211231x20f.htm"
  },
  {
    "date": "2020-12-31",
    "symbol": "ZIM",
    "reportedCurrency": "USD",
    "cik": "0001654126",
    "fillingDate": "2021-03-22",
    "acceptedDate": "2021-03-22 06:55:08",
    "calendarYear": "2020",
    "period": "FY",
    "revenue": 3991696000,
    "costOfRevenue": 3126671000,
    "grossProfit": 865025000,
    "grossProfitRatio": 0.2167061319,
    "researchAndDevelopmentExpenses": 0,
    "generalAndAdministrativeExpenses": 163210000,
    "sellingAndMarketingExpenses": 0,
    "sellingGeneralAndAdministrativeExpenses": 163210000,
    "otherExpenses": -16893000,
    "operatingExpenses": 146317000,
    "costAndExpenses": 3272988000,
    "interestIncome": 1915000,
    "interestExpense": 181260000,
    "depreciationAndAmortization": 314185000,
    "ebitda": 1002004000,
    "ebitdaratio": 0.2510221219,
    "operatingIncome": 722049000,
    "operatingIncomeRatio": 0.180887773,
    "totalOtherIncomeExpensesNet": -181200000,
    "incomeBeforeTax": 540789000,
    "incomeBeforeTaxRatio": 0.1354785034,
    "incomeTaxExpense": 16599000,
    "netIncome": 518000000,
    "netIncomeRatio": 0.1297694013,
    "eps": 4.31,
    "epsdiluted": 4.31,
    "weightedAverageShsOut": 120125000,
    "weightedAverageShsOutDil": 120125000,
    "link": "https://www.sec.gov/Archives/edgar/data/1654126/000110465921039375/0001104659-21-039375-index.htm",
    "finalLink": "https://www.sec.gov/Archives/edgar/data/1654126/000110465921039375/tm217869d3_20f.htm"
  },
  {
    "date": "2019-12-31",
    "symbol": "ZIM",
    "reportedCurrency": "USD",
    "cik": "0001654126",
    "fillingDate": "2019-12-31",
    "acceptedDate": "2019-12-31 00:00:00",
    "calendarYear": "2019",
    "period": "FY",
    "revenue": 3299761000,
    "costOfRevenue": 3036719000,
    "grossProfit": 263042000,
    "grossProfitRatio": 0.0797154703,
    "researchAndDevelopmentExpenses": 0,
    "generalAndAdministrativeExpenses": 120415000,
    "sellingAndMarketingExpenses": 0,
    "sellingGeneralAndAdministrativeExpenses": 120415000,
    "otherExpenses": 28651000,
    "operatingExpenses": 149066000,
    "costAndExpenses": 3185785000,
    "interestIncome": 2447000,
    "interestExpense": 147383000,
    "depreciationAndAmortization": 245510000,
    "ebitda": 386890000,
    "ebitdaratio": 0.1172478855,
    "operatingIncome": 121148000,
    "operatingIncomeRatio": 0.0367141741,
    "totalOtherIncomeExpensesNet": -154300000,
    "incomeBeforeTax": -1278000,
    "incomeBeforeTaxRatio": -0.0003873008,
    "incomeTaxExpense": 11766000,
    "netIncome": -13044000,
    "netIncomeRatio": -0.0039530136,
    "eps": -0.11,
    "epsdiluted": -0.11,
    "weightedAverageShsOut": 117500000,
    "weightedAverageShsOutDil": 117500000,
    "link": null,
    "finalLink": null
  },
  {
    "date": "2018-12-31",
    "symbol": "ZIM",
    "reportedCurrency": "USD",
    "cik": "0001654126",
    "fillingDate": "2018-12-31",
    "acceptedDate": "2018-12-30 19:00:00",
    "calendarYear": "2018",
    "period": "FY",
    "revenue": 3247864000,
    "costOfRevenue": 3099765000,
    "grossProfit": 148099000,
    "grossProfitRatio": 0.0455988921,
    "researchAndDevelopmentExpenses": 0,
    "generalAndAdministrativeExpenses": 116352000,
    "sellingAndMarketingExpenses": 0,
    "sellingGeneralAndAdministrativeExpenses": 116352000,
    "otherExpenses": 25344000,
    "operatingExpenses": 141696000,
    "costAndExpenses": 3241461000,
    "interestIncome": 2492000,
    "interestExpense": 100584000,
    "depreciationAndAmortization": 111567000,
    "ebitda": 106430000,
    "ebitdaratio": 0.0327692293,
    "operatingIncome": -23216000,
    "operatingIncomeRatio": -0.0071480826,
    "totalOtherIncomeExpensesNet": -82505000,
    "incomeBeforeTax": -105721000,
    "incomeBeforeTaxRatio": -0.0325509319,
    "incomeTaxExpense": 14132000,
    "netIncome": -125653000,
    "netIncomeRatio": -0.0386878884,
    "eps": -1.26,
    "epsdiluted": -1.2,
    "weightedAverageShsOut": 100000000,
    "weightedAverageShsOutDil": 104310786,
    "link": "",
    "finalLink": ""
  },
  {
    "date": "2017-12-31",
    "symbol": "ZIM",
    "reportedCurrency": "USD",
    "cik": "0001654126",
    "fillingDate": "2017-12-31",
    "acceptedDate": "2017-12-30 19:00:00",
    "calendarYear": "2017",
    "period": "FY",
    "revenue": 2978291000,
    "costOfRevenue": 2697315000,
    "grossProfit": 280976000,
    "grossProfitRatio": 0.0943413521,
    "researchAndDevelopmentExpenses": 0,
    "generalAndAdministrativeExpenses": 121736000,
    "sellingAndMarketingExpenses": 0,
    "sellingGeneralAndAdministrativeExpenses": 121736000,
    "otherExpenses": 22967000,
    "operatingExpenses": 144703000,
    "costAndExpenses": 2842018000,
    "interestIncome": 2061000,
    "interestExpense": 102175000,
    "depreciationAndAmortization": 108386000,
    "ebitda": 228563000,
    "ebitdaratio": 0.0767430046,
    "operatingIncome": 142645000,
    "operatingIncomeRatio": 0.0478949169,
    "totalOtherIncomeExpensesNet": -117049000,
    "incomeBeforeTax": 25596000,
    "incomeBeforeTaxRatio": 0.0085941904,
    "incomeTaxExpense": 14233000,
    "netIncome": 6235000,
    "netIncomeRatio": 0.0020934825,
    "eps": 0.0624,
    "epsdiluted": 0.0624,
    "weightedAverageShsOut": 100000000,
    "weightedAverageShsOutDil": 100000000,
    "link": "",
    "finalLink": ""
  },
  {
    "date": "2016-12-31",
    "symbol": "ZIM",
    "reportedCurrency": "USD",
    "cik": "0001654126",
    "fillingDate": "2016-12-31",
    "acceptedDate": "2016-12-30 19:00:00",
    "calendarYear": "2016",
    "period": "FY",
    "revenue": 2539296000,
    "costOfRevenue": 2495709000,
    "grossProfit": 43587000,
    "grossProfitRatio": 0.0171649938,
    "researchAndDevelopmentExpenses": 0,
    "generalAndAdministrativeExpenses": 141264000,
    "sellingAndMarketingExpenses": 1278000,
    "sellingGeneralAndAdministrativeExpenses": 130384000,
    "otherExpenses": 0,
    "operatingExpenses": 130384000,
    "costAndExpenses": 2626093000,
    "interestIncome": 95927000,
    "interestExpense": 0,
    "depreciationAndAmortization": 100972000,
    "ebitda": 48660000,
    "ebitdaratio": 0.0191627916,
    "operatingIncome": -86797000,
    "operatingIncomeRatio": -0.0341815212,
    "totalOtherIncomeExpensesNet": -97994000,
    "incomeBeforeTax": -150136000,
    "incomeBeforeTaxRatio": -0.0591250488,
    "incomeTaxExpense": 18366000,
    "netIncome": -168290000,
    "netIncomeRatio": -0.0662742744,
    "eps": -1.68,
    "epsdiluted": -1.68,
    "weightedAverageShsOut": 100000000,
    "weightedAverageShsOutDil": 100000000,
    "link": null,
    "finalLink": null
  },
  {
    "date": "2015-12-31",
    "symbol": "ZIM",
    "reportedCurrency": "USD",
    "cik": "0001654126",
    "fillingDate": "2015-12-31",
    "acceptedDate": "2015-12-30 19:00:00",
    "calendarYear": "2015",
    "period": "FY",
    "revenue": 2991135000,
    "costOfRevenue": 2692645000,
    "grossProfit": 298490000,
    "grossProfitRatio": 0.0997915507,
    "researchAndDevelopmentExpenses": 0,
    "generalAndAdministrativeExpenses": 145967000,
    "sellingAndMarketingExpenses": 1472000,
    "sellingGeneralAndAdministrativeExpenses": 147439000,
    "otherExpenses": 0,
    "operatingExpenses": 196197000,
    "costAndExpenses": 2888842000,
    "interestIncome": 97650000,
    "interestExpense": 0,
    "depreciationAndAmortization": 98312000,
    "ebitda": 169081000,
    "ebitdaratio": 0.0565273717,
    "operatingIncome": 70769000,
    "operatingIncomeRatio": 0.0236595807,
    "totalOtherIncomeExpensesNet": -93383000,
    "incomeBeforeTax": 4643000,
    "incomeBeforeTaxRatio": 0.0015522536,
    "incomeTaxExpense": 1893000,
    "netIncome": 2253000,
    "netIncomeRatio": 0.0007532258,
    "eps": 0.0225,
    "epsdiluted": 0.0225,
    "weightedAverageShsOut": 100000000,
    "weightedAverageShsOutDil": 100000000,
    "link": null,
    "finalLink": null
  }
]