[
  {
    "date": "2024-12-31",
    "symbol": "ZIM",
    "reportedCurrency": "USD",
    "cik": "0001654126",
    "fillingDate": "2025-03-12",
    "acceptedDate": "2025-03-12 07:11:49",
    "calendarYear": "2024",
    "period": "Q4",
    "revenue": 2167600000,
    "costOfRevenue": 1436600000,
    "grossProfit": 731000000,
    "grossProfitRatio": 0.3372393431,
    "researchAndDevelopmentExpenses": 0,
    "generalAndAdministrativeExpenses": 38400000,
    "sellingAndMarketingExpenses": 7200000,
    "sellingGeneralAndAdministrativeExpenses": 45600000,
    "otherExpenses": 27800000,
    "operatingExpenses": 73400000,
    "costAndExpenses": 1510000000,
    "interestIncome": 39400000,
    "interestExpense": 121200000,
    "depreciationAndAmortization": 308900000,
    "ebitda": 1030900000,
    "ebitdaratio": 0.4755951283,
    "operatingIncome": 657600000,
    "operatingIncomeRatio": 0.3033770068,
    "totalOtherIncomeExpensesNet": -56800000,
    "incomeBeforeTax": 600800000,
    "incomeBeforeTaxRatio": 0.2771729101,
    "incomeTaxExpense": 38100000,
    "netIncome": 561500000,
    "netIncomeRatio": 0.2590422587,
    "eps": 4.66,
    "epsdiluted": 4.66,
    "weightedAverageShsOut": 120407359,
    "weightedAverageShsOutDil": 120499400,
    "link": "https://www.sec.gov/Archives/edgar/data/1654126/000117891325000793/0001178913-25-000793-index.htm",
    "finalLink": "https://www.sec.gov/Archives/edgar/data/1654126/000117891325000793/zk2532795.htm"
  },
  {
    "date": "2024-09-30",
    "symbol": "ZIM",
    "reportedCurrency": "USD",
    "cik": "0001654126",
    "fillingDate": "2024-11-20",
    "acceptedDate": "2024-11-20 07:05:35",
    "calendarYear": "2024",
    "period": "Q3",
    "revenue": 2765200000,
    "costOfRevenue": 1459900000,
    "grossProfit": 1305300000,
    "grossProfitRatio": 0.4720454217,
    "researchAndDevelopmentExpenses": 0,
    "generalAndAdministrativeExpenses": 75900000,
    "sellingAndMarketingExpenses": 0,
    "sellingGeneralAndAdministrativeExpenses": 75900000,
    "otherExpenses": -5400000,
    "operatingExpenses": 70500000,
    "costAndExpenses": 1530400000,
    "interestIncome": 19800000,
    "interestExpense": 121600000,
    "depreciationAndAmortization": 295000000,
    "ebitda": 1549600000,
    "ebitdaratio": 0.5603934616,
    "operatingIncome": 1234800000,
    "operatingIncomeRatio": 0.4465499783,
    "totalOtherIncomeExpensesNet": -101800000,
    "incomeBeforeTax": 1133000000,
    "incomeBeforeTaxRatio": 0.4097352814,
    "incomeTaxExpense": 6800000,
    "netIncome": 1124600000,
    "netIncomeRatio": 0.4066975264,
    "eps": 9.34,
    "epsdiluted": 9.33,
    "weightedAverageShsOut": 120372813,
    "weightedAverageShsOutDil": 120475290,
    "link": "https://www.sec.gov/Archives/edgar/data/1654126/000117891324003774/0001178913-24-003774-index.htm",
    "finalLink": "https://www.sec.gov/Archives/edgar/data/1654126/000117891324003774/exhibit_99-1.htm"
  },
  {
    "date": "2024-06-30",
    "symbol": "ZIM",
    "reportedCurrency": "USD",
    "cik": "0001654126",
    "fillingDate": "2024-08-19",
    "acceptedDate": "2024-08-19 07:05:15",
    "calendarYear": "2024",
    "period": "Q2",
    "revenue": 1932600000,
    "costOfRevenue": 1411300000,
    "grossProfit": 521300000,
    "grossProfitRatio": 0.2697402463,
    "researchAndDevelopmentExpenses": 0,
    "generalAndAdministrativeExpenses": 73000000,
    "sellingAndMarketingExpenses": -2900000,
    "sellingGeneralAndAdministrativeExpenses": 70100000,
    "otherExpenses": 258000000,
    "operatingExpenses": 55900000,
    "costAndExpenses": 1481400000,
    "interestIncome": 22500000,
    "interestExpense": 115900000,
    "depreciationAndAmortization": 278000000,
    "ebitda": 748200000,
    "ebitdaratio": 0.3871468488,
    "operatingIncome": 451200000,
    "operatingIncomeRatio": 0.2334678671,
    "totalOtherIncomeExpensesNet": -76300000,
    "incomeBeforeTax": 374900000,
    "incomeBeforeTaxRatio": 0.1939873745,
    "incomeTaxExpense": 2100000,
    "netIncome": 371300000,
    "netIncomeRatio": 0.192124599,
    "eps": 3.09,
    "epsdiluted": 3.08,
    "weightedAverageShsOut": 120341086,
    "weightedAverageShsOutDil": 120456342,
    "link": "https://www.sec.gov/Archives/edgar/data/1654126/000117891324002683/0001178913-24-002683-index.htm",
    "finalLink": "https://www.sec.gov/Archives/edgar/data/1654126/000117891324002683/exhibit_99-1.htm"
  },
  {
    "date": "2024-03-31",
    "symbol": "ZIM",
    "reportedCurrency": "USD",
    "cik": "0001654126",
    "fillingDate": "2024-03-13",
    "acceptedDate": "2024-03-13 07:09:56",
    "calendarYear": "2024",
    "period": "Q1",
    "revenue": 1562000000,
    "costOfRevenue": 1341400000,
    "grossProfit": 220600000,
    "grossProfitRatio": 0.1412291933,
    "researchAndDevelopmentExpenses": 0,
    "generalAndAdministrativeExpenses": 60800000,
    "sellingAndMarketingExpenses": -2900000,
    "sellingGeneralAndAdministrativeExpenses": 57900000,
    "otherExpenses": 0,
    "operatingExpenses": 57900000,
    "costAndExpenses": 1399300000,
    "interestIncome": 38700000,
    "interestExpense": 109000000,
    "depreciationAndAmortization": 260600000,
    "ebitda": 429300000,
    "ebitdaratio": 0.2748399488,
    "operatingIncome": 162700000,
    "operatingIncomeRatio": 0.1041613316,
    "totalOtherIncomeExpensesNet": -70300000,
    "incomeBeforeTax": 98400000,
    "incomeBeforeTaxRatio": 0.0629961588,
    "incomeTaxExpense": 4200000,
    "netIncome": 90300000,
    "netIncomeRatio": 0.0578104994,
    "eps": 0.75,
    "epsdiluted": 0.75,
    "weightedAverageShsOut": 120307283,
    "weightedAverageShsOutDil": 120450586,
    "link": "https://www.sec.gov/Archives/edgar/data/1654126/000117891324000917/0001178913-24-000917-index.htm",
    "finalLink": "https://www.sec.gov/Archives/edgar/data/1654126/000117891324000917/exhibit_99-1.htm"
  },
  {
    "date": "2023-12-31",
    "symbol": "ZIM",
    "reportedCurrency": "USD",
    "cik": "0001654126",
    "fillingDate": "2023-11-15",
    "acceptedDate": "2023-11-15 07:07:50",
    "calendarYear": "2023",
    "period": "Q4",
    "revenue": 1205300000,
    "costOfRevenue": 1202400000,
    "grossProfit": 2900000,
    "grossProfitRatio": 0.00240604,
    "researchAndDevelopmentExpenses": 0,
    "generalAndAdministrativeExpenses": 24100000,
    "sellingAndMarketingExpenses": 44900000,
    "sellingGeneralAndAdministrativeExpenses": 69000000,
    "otherExpenses": 0,
    "operatingExpenses": 69000000,
    "costAndExpenses": 1271400000,
    "interestIncome": 24500000,
    "interestExpense": 108000000,
    "depreciationAndAmortization": 239300000,
    "ebitda": 212800000,
    "ebitdaratio": 0.1765535551,
    "operatingIncome": -66099999,
    "operatingIncomeRatio": -0.0548411176,
    "totalOtherIncomeExpensesNet": -83500000,
    "incomeBeforeTax": -134500000,
    "incomeBeforeTaxRatio": -0.1115904754,
    "incomeTaxExpense": 9500000,
    "netIncome": -148400000,
    "netIncomeRatio": -0.123122874,
    "eps": -1.23,
    "epsdiluted": -1.23,
    "weightedAverageShsOut": 120266569,
    "weightedAverageShsOutDil": 120266569,
    "link": "https://www.sec.gov/Archives/edgar/data/1654126/000117891323003697/0001178913-23-003697-index.htm",
    "finalLink": "https://www.sec.gov/Archives/edgar/data/1654126/000117891323003697/exhibit_99-1.htm"
  },
  {
    "date": "2023-09-30",
    "symbol": "ZIM",
    "reportedCurrency": "USD",
    "cik": "0001654126",
    "fillingDate": "2023-08-16",
    "acceptedDate": "2023-08-16 07:06:12",
    "calendarYear": "2023",
    "period": "Q3",
    "revenue": 1273000000,
    "costOfRevenue": 3460700000,
    "grossProfit": -2187700000,
    "grossProfitRatio": -1.7185388845,
    "researchAndDevelopmentExpenses": 0,
    "generalAndAdministrativeExpenses": 63900000,
    "sellingAndMarketingExpenses": 0,
    "sellingGeneralAndAdministrativeExpenses": 63900000,
    "otherExpenses": 0,
    "operatingExpenses": 85700000,
    "costAndExpenses": 3546400000,
    "interestIncome": 35600000,
    "interestExpense": 101500000,
    "depreciationAndAmortization": 423800000,
    "ebitda": -1814000000,
    "ebitdaratio": -1.4249803614,
    "operatingIncome": -2275700000,
    "operatingIncomeRatio": -1.7876669285,
    "totalOtherIncomeExpensesNet": -65900000,
    "incomeBeforeTax": -2341600000,
    "incomeBeforeTaxRatio": -1.8394344069,
    "incomeTaxExpense": -71100000,
    "netIncome": -2272600000,
    "netIncomeRatio": -1.7852317361,
    "eps": -18.9,
    "epsdiluted": -18.9,
    "weightedAverageShsOut": 120219761,
    "weightedAverageShsOutDil": 120219761,
    "link": "https://www.sec.gov/Archives/edgar/data/1654126/000117891323002899/0001178913-23-002899-index.htm",
    "finalLink": "https://www.sec.gov/Archives/edgar/data/1654126/000117891323002899/exhibit_99-1.htm"
  },
  {
    "date": "2023-06-30",
    "symbol": "ZIM",
    "reportedCurrency": "USD",
    "cik": "0001654126",
    "fillingDate": "2023-05-22",
    "acceptedDate": "2023-05-22 07:06:00",
    "calendarYear": "2023",
    "period": "Q2",
    "revenue": 1309600000,
    "costOfRevenue": 1388800000,
    "grossProfit": -79200000,
    "grossProfitRatio": -0.0604764814,
    "researchAndDevelopmentExpenses": 0,
    "generalAndAdministrativeExpenses": 71400000,
    "sellingAndMarketingExpenses": 0,
    "sellingGeneralAndAdministrativeExpenses": 71400000,
    "otherExpenses": 0,
    "operatingExpenses": 86100000,
    "costAndExpenses": 1474900000,
    "interestIncome": 37700000,
    "interestExpense": 142000000,
    "depreciationAndAmortization": 421500000,
    "ebitda": 293900000,
    "ebitdaratio": 0.2244196701,
    "operatingIncome": -167800000,
    "operatingIncomeRatio": -0.1281307269,
    "totalOtherIncomeExpensesNet": -104300000,
    "incomeBeforeTax": -272100000,
    "incomeBeforeTaxRatio": -0.2077733659,
    "incomeTaxExpense": -59400000,
    "netIncome": -215100000,
    "netIncomeRatio": -0.1642486255,
    "eps": -1.79,
    "epsdiluted": -1.79,
    "weightedAverageShsOut": 120195365,
    "weightedAverageShsOutDil": 120195365,
    "link": "https://www.sec.gov/Archives/edgar/data/1654126/000117891323001981/0001178913-23-001981-index.htm",
    "finalLink": "https://www.sec.gov/Archives/edgar/data/1654126/000117891323001981/exhibit_99-1.htm"
  },
  {
    "date": "2023-03-31",
    "symbol": "ZIM",
    "reportedCurrency": "USD",
    "cik": "0001654126",
    "fillingDate": "2023-03-13",
    "acceptedDate": "2023-03-13 07:11:46",
    "calendarYear": "2023",
    "period": "Q1",
    "revenue": 1374300000,
    "costOfRevenue": 1320200000,
    "grossProfit": 54100000,
    "grossProfitRatio": 0.0393654952,
    "researchAndDevelopmentExpenses": 0,
    "generalAndAdministrativeExpenses": 74100000,
    "sellingAndMarketingExpenses": 0,
    "sellingGeneralAndAdministrativeExpenses": 74100000,
    "otherExpenses": -6500000,
    "operatingExpenses": 67600000,
    "costAndExpenses": 1387800000,
    "interestIncome": 44400000,
    "interestExpense": 95200000,
    "depreciationAndAmortization": 387200000,
    "ebitda": 373700000,
    "ebitdaratio": 0.2719202503,
    "operatingIncome": 30500000,
    "operatingIncomeRatio": 0.0221931165,
    "totalOtherIncomeExpensesNet": -50800000,
    "incomeBeforeTax": -64700000,
    "incomeBeforeTaxRatio": -0.0470785127,
    "incomeTaxExpense": -6600000,
    "netIncome": -58100000,
    "netIncomeRatio": -0.0422760678,
    "eps": -0.48,
    "epsdiluted": -0.48,
    "weightedAverageShsOut": 120169288,
    "weightedAverageShsOutDil": 120169288,
    "link": "https://www.sec.gov/Archives/edgar/data/1654126/000117891323000934/0001178913-23-000934-index.htm",
    "finalLink": "https://www.sec.gov/Archives/edgar/data/1654126/000117891323000934/exhibit_99-1.htm"
  },
  {
    "date": "2022-12-31",
    "symbol": "ZIM",
    "reportedCurrency": "USD",
    "cik": "0001654126",
    "fillingDate": "2022-11-16",
    "acceptedDate": "2022-11-16 07:07:35",
    "calendarYear": "2022",
    "period": "Q4",
    "revenue": 2188900000,
    "costOfRevenue": 1514900000,
    "grossProfit": 674000000,
    "grossProfitRatio": 0.3079172187,
    "researchAndDevelopmentExpenses": 0,
    "generalAndAdministrativeExpenses": 94300000,
    "sellingAndMarketingExpenses": 0,
    "sellingGeneralAndAdministrativeExpenses": 94300000,
    "otherExpenses": -7600000,
    "operatingExpenses": 86700000,
    "costAndExpenses": 1601600000,
    "interestIncome": 48600000,
    "interestExpense": 75400000,
    "depreciationAndAmortization": 388600000,
    "ebitda": 1024500000,
    "ebitdaratio": 0.4680433094,
    "operatingIncome": 244700000,
    "operatingIncomeRatio": 0.1117913107,
    "totalOtherIncomeExpensesNet": -26800000,
    "incomeBeforeTax": 557900000,
    "incomeBeforeTaxRatio": 0.2548768788,
    "incomeTaxExpense": 141400000,
    "netIncome": 414200000,
    "netIncomeRatio": 0.1892274659,
    "eps": 3.45,
    "epsdiluted": 3.44,
    "weightedAverageShsOut": 120098658,
    "weightedAverageShsOutDil": 120431208,
    "link": "https://www.sec.gov/Archives/edgar/data/1654126/000117891322004058/0001178913-22-004058-index.htm",
    "finalLink": "https://www.sec.gov/Archives/edgar/data/1654126/000117891322004058/exhibit_99-1.htm"
  },
  {
    "date": "2022-09-30",
    "symbol": "ZIM",
    "reportedCurrency": "USD",
    "cik": "0001654126",
    "fillingDate": "2022-08-17",
    "acceptedDate": "2022-08-17 07:09:10",
    "calendarYear": "2022",
    "period": "Q3",
    "revenue": 3227500000,
    "costOfRevenue": 1623300000,
    "grossProfit": 1604200000,
    "grossProfitRatio": 0.4970410534,
    "researchAndDevelopmentExpenses": 0,
    "generalAndAdministrativeExpenses": 82000000,
    "sellingAndMarketingExpenses": 0,
    "sellingGeneralAndAdministrativeExpenses": 82000000,
    "otherExpenses": -21300000,
    "operatingExpenses": 60700000,
    "costAndExpenses": 1684000000,
    "interestIncome": 34900000,
    "interestExpense": 64800000,
    "depreciationAndAmortization": 380200000,
    "ebitda": 1923700000,
    "ebitdaratio": 0.5960340821,
    "operatingIncome": 1544300000,
    "operatingIncomeRatio": 0.4784817971,
    "totalOtherIncomeExpensesNet": -29900000,
    "incomeBeforeTax": 1514400000,
    "incomeBeforeTaxRatio": 0.4692176607,
    "incomeTaxExpense": 348700000,
    "netIncome": 1163300000,
    "netIncomeRatio": 0.3604337723,
    "eps": 9.69,
    "epsdiluted": 9.66,
    "weightedAverageShsOut": 120047393,
    "weightedAverageShsOutDil": 120439492,
    "link": "https://www.sec.gov/Archives/edgar/data/1654126/000117891322003164/0001178913-22-003164-index.htm",
    "finalLink": "https://www.sec.gov/Archives/edgar/data/1654126/000117891322003164/exhibit_99-1.htm"
  },
  {
    "date": "2022-06-30",
    "symbol": "ZIM",
    "reportedCurrency": "USD",
    "cik": "0001654126",
    "fillingDate": "2022-05-18",
    "acceptedDate": "2022-05-18 07:09:06",
    "calendarYear": "2022",
    "period": "Q2",
    "revenue": 3428800000,
    "costOfRevenue": 1593900000,
    "grossProfit": 1834900000,
    "grossProfitRatio": 0.5351434904,
    "researchAndDevelopmentExpenses": 0,
    "generalAndAdministrativeExpenses": 84900000,
    "sellingAndMarketingExpenses": 0,
    "sellingGeneralAndAdministrativeExpenses": 84900000,
    "otherExpenses": -14600000,
    "operatingExpenses": 70300000,
    "costAndExpenses": 1664200000,
    "interestIncome": 26000000,
    "interestExpense": 53900000,
    "depreciationAndAmortization": 337300000,
    "ebitda": 2101900000,
    "ebitdaratio": 0.6130132991,
    "operatingIncome": 1764300000,
    "operatingIncomeRatio": 0.5145531965,
    "totalOtherIncomeExpensesNet": -27900000,
    "incomeBeforeTax": 1736400000,
    "incomeBeforeTaxRatio": 0.5064162389,
    "incomeTaxExpense": 400600000,
    "netIncome": 1333100000,
    "netIncomeRatio": 0.3887949137,
    "eps": 11.11,
    "epsdiluted": 11.07,
    "weightedAverageShsOut": 119990308,
    "weightedAverageShsOutDil": 120442213,
    "link": "https://www.sec.gov/Archives/edgar/data/1654126/000117891322002058/0001178913-22-002058-index.htm",
    "finalLink": "https://www.sec.gov/Archives/edgar/data/1654126/000117891322002058/exhibit_99-1.htm"
  },
  {
    "date": "2022-03-31",
    "symbol": "ZIM",
    "reportedCurrency": "USD",
    "cik": "0001654126",
    "fillingDate": "2022-03-09",
    "acceptedDate": "2022-03-09 07:08:46",
    "calendarYear": "2022",
    "period": "Q1",
    "revenue": 3716400000,
    "costOfRevenue": 1402700000,
    "grossProfit": 2313700000,
    "grossProfitRatio": 0.6225648477,
    "researchAndDevelopmentExpenses": 0,
    "generalAndAdministrativeExpenses": 77100000,
    "sellingAndMarketingExpenses": 0,
    "sellingGeneralAndAdministrativeExpenses": 77100000,
    "otherExpenses": -4500000,
    "operatingExpenses": 72600000,
    "costAndExpenses": 1475300000,
    "interestIncome": 21400000,
    "interestExpense": 45300000,
    "depreciationAndAmortization": 290200000,
    "ebitda": 2531300000,
    "ebitdaratio": 0.6811161339,
    "operatingIncome": 2242500000,
    "operatingIncomeRatio": 0.6034065224,
    "totalOtherIncomeExpensesNet": -23900000,
    "incomeBeforeTax": 2218600000,
    "incomeBeforeTaxRatio": 0.5969755678,
    "incomeTaxExpense": 507600000,
    "netIncome": 1708800000,
    "netIncomeRatio": 0.4597998063,
    "eps": 14.25,
    "epsdiluted": 14.19,
    "weightedAverageShsOut": 119910688,
    "weightedAverageShsOutDil": 120438898,
    "link": "https://www.sec.gov/Archives/edgar/data/1654126/000110465922031818/0001104659-22-031818-index.htm",
    "finalLink": "https://www.sec.gov/Archives/edgar/data/1654126/000110465922031818/tm228727d1_ex99-1.htm"
  },
  {
    "date": "2021-12-31",
    "symbol": "ZIM",
    "reportedCurrency": "USD",
    "cik": "0001654126",
    "fillingDate": "2021-11-17",
    "acceptedDate": "2021-11-17 07:15:38",
    "calendarYear": "2021",
    "period": "Q4",
    "revenue": 3466394000,
    "costOfRevenue": 1271394000,
    "grossProfit": 2195000000,
    "grossProfitRatio": 0.6332228823,
    "researchAndDevelopmentExpenses": 0,
    "generalAndAdministrativeExpenses": 83799000,
    "sellingAndMarketingExpenses": 0,
    "sellingGeneralAndAdministrativeExpenses": 83799000,
    "otherExpenses": 41995000,
    "operatingExpenses": 79040000,
    "costAndExpenses": 1350434000,
    "interestIncome": 9704000,
    "interestExpense": 43947000,
    "depreciationAndAmortization": 248580000,
    "ebitda": 2374244000,
    "ebitdaratio": 0.6849319495,
    "operatingIncome": 2116792000,
    "operatingIncomeRatio": 0.6106611078,
    "totalOtherIncomeExpensesNet": -34251000,
    "incomeBeforeTax": 2082549000,
    "incomeBeforeTaxRatio": 0.6007825423,
    "incomeTaxExpense": 374126000,
    "netIncome": 1705104000,
    "netIncomeRatio": 0.4918956126,
    "eps": 14.34,
    "epsdiluted": 14.17,
    "weightedAverageShsOut": 118908731,
    "weightedAverageShsOutDil": 120332347,
    "link": "https://www.sec.gov/Archives/edgar/data/1654126/000110465921140311/0001104659-21-140311-index.htm",
    "finalLink": "https://www.sec.gov/Archives/edgar/data/1654126/000110465921140311/tm2132702d1_ex99-1.htm"
  },
  {
    "date": "2021-09-30",
    "symbol": "ZIM",
    "reportedCurrency": "USD",
    "cik": "0001654126",
    "fillingDate": "2021-08-18",
    "acceptedDate": "2021-08-18 07:12:23",
    "calendarYear": "2021",
    "period": "Q3",
    "revenue": 3135958000,
    "costOfRevenue": 1222537000,
    "grossProfit": 1913421000,
    "grossProfitRatio": 0.6101551743,
    "researchAndDevelopmentExpenses": 0,
    "generalAndAdministrativeExpenses": 60375000,
    "sellingAndMarketingExpenses": 0,
    "sellingGeneralAndAdministrativeExpenses": 60375000,
    "otherExpenses": -5099000,
    "operatingExpenses": 55276000,
    "costAndExpenses": 1277813000,
    "interestIncome": 3383000,
    "interestExpense": 41452000,
    "depreciationAndAmortization": 220925000,
    "ebitda": 2082453000,
    "ebitdaratio": 0.6640564064,
    "operatingIncome": 1858987000,
    "operatingIncomeRatio": 0.5927971612,
    "totalOtherIncomeExpensesNet": -38924000,
    "incomeBeforeTax": 1820918000,
    "incomeBeforeTaxRatio": 0.5806576491,
    "incomeTaxExpense": 358004000,
    "netIncome": 1461100000,
    "netIncomeRatio": 0.4659182298,
    "eps": 12.53,
    "epsdiluted": 12.16,
    "weightedAverageShsOut": 116618539,
    "weightedAverageShsOutDil": 120206306,
    "link": "https://www.sec.gov/Archives/edgar/data/1654126/000110465921107188/0001104659-21-107188-index.htm",
    "finalLink": "https://www.sec.gov/Archives/edgar/data/1654126/000110465921107188/tm2125183d1_ex99-1.htm"
  },
  {
    "date": "2021-06-30",
    "symbol": "ZIM",
    "reportedCurrency": "USD",
    "cik": "0001654126",
    "fillingDate": "2021-05-19",
    "acceptedDate": "2021-05-19 07:30:49",
    "calendarYear": "2021",
    "period": "Q2",
    "revenue": 2382011000,
    "costOfRevenue": 1159520000,
    "grossProfit": 1222491000,
    "grossProfitRatio": 0.513218033,
    "researchAndDevelopmentExpenses": 0,
    "generalAndAdministrativeExpenses": 67637000,
    "sellingAndMarketingExpenses": 0,
    "sellingGeneralAndAdministrativeExpenses": 67637000,
    "otherExpenses": -1477000,
    "operatingExpenses": 66160000,
    "costAndExpenses": 1225680000,
    "interestIncome": 0,
    "interestExpense": 45052000,
    "depreciationAndAmortization": 176133000,
    "ebitda": 1333200000,
    "ebitdaratio": 0.5596951483,
    "operatingIncome": 1157067000,
    "operatingIncomeRatio": 0.4857521649,
    "totalOtherIncomeExpensesNet": -45000000,
    "incomeBeforeTax": 1112015000,
    "incomeBeforeTaxRatio": 0.4668387342,
    "incomeTaxExpense": 223795000,
    "netIncome": 886500000,
    "netIncomeRatio": 0.3721645282,
    "eps": 7.71,
    "epsdiluted": 7.38,
    "weightedAverageShsOut": 115000000,
    "weightedAverageShsOutDil": 120133808,
    "link": "https://www.sec.gov/Archives/edgar/data/1654126/000110465921069086/0001104659-21-069086-index.htm",
    "finalLink": "https://www.sec.gov/Archives/edgar/data/1654126/000110465921069086/tm2116836d1_ex99-1.htm"
  },
  {
    "date": "2021-03-31",
    "symbol": "ZIM",
    "reportedCurrency": "USD",
    "cik": "0001654126",
    "fillingDate": "2021-03-22",
    "acceptedDate": "2021-03-22 07:30:19",
    "calendarYear": "2021",
    "period": "Q1",
    "revenue": 1744335000,
    "costOfRevenue": 1008756000,
    "grossProfit": 735579000,
    "grossProfitRatio": 0.4216959472,
    "researchAndDevelopmentExpenses": 0,
    "generalAndAdministrativeExpenses": 55898000,
    "sellingAndMarketingExpenses": 0,
    "sellingGeneralAndAdministrativeExpenses": 55898000,
    "otherExpenses": -2229000,
    "operatingExpenses": 53669000,
    "costAndExpenses": 1062425000,
    "interestIncome": 6800000,
    "interestExpense": 39445000,
    "depreciationAndAmortization": 133585000,
    "ebitda": 822310000,
    "ebitdaratio": 0.4714174743,
    "operatingIncome": 683455000,
    "operatingIncomeRatio": 0.3918140724,
    "totalOtherIncomeExpensesNet": -39500000,
    "incomeBeforeTax": 644010000,
    "incomeBeforeTaxRatio": 0.3692008702,
    "incomeTaxExpense": 54422000,
    "netIncome": 587600000,
    "netIncomeRatio": 0.3368618987,
    "eps": 5.35,
    "epsdiluted": 5.13,
    "weightedAverageShsOut": 109777778,
    "weightedAverageShsOutDil": 114508115,
    "link": "https://www.sec.gov/Archives/edgar/data/1654126/000095010321004319/0000950103-21-004319-index.htm",
    "finalLink": "https://www.sec.gov/Archives/edgar/data/1654126/000095010321004319/dp148148_ex9901.htm"
  },
  {
    "date": "2020-12-31",
    "symbol": "ZIM",
    "reportedCurrency": "USD",
    "cik": "0001654126",
    "fillingDate": "2021-03-22",
    "acceptedDate": "2021-03-22 06:55:08",
    "calendarYear": "2020",
    "period": "Q4",
    "revenue": 1360846000,
    "costOfRevenue": 883379000,
    "grossProfit": 477467000,
    "grossProfitRatio": 0.3508604207,
    "researchAndDevelopmentExpenses": 0,
    "generalAndAdministrativeExpenses": 48450000,
    "sellingAndMarketingExpenses": 0,
    "sellingGeneralAndAdministrativeExpenses": 48450000,
    "otherExpenses": 3806000,
    "operatingExpenses": 38934000,
    "costAndExpenses": 922313000,
    "interestIncome": 536000,
    "interestExpense": 67706000,
    "depreciationAndAmortization": 93307000,
    "ebitda": 538564000,
    "ebitdaratio": 0.3957567572,
    "operatingIncome": 439499000,
    "operatingIncomeRatio": 0.3229601292,
    "totalOtherIncomeExpensesNet": -67706000,
    "incomeBeforeTax": 371793000,
    "incomeBeforeTaxRatio": 0.2732072549,
    "incomeTaxExpense": 5404000,
    "netIncome": 365046000,
    "netIncomeRatio": 0.2682493096,
    "eps": 3.11,
    "epsdiluted": 3.11,
    "weightedAverageShsOut": 117500000,
    "weightedAverageShsOutDil": 117500000,
    "link": "https://www.sec.gov/Archives/edgar/data/1654126/000110465921039375/0001104659-21-039375-index.htm",
    "finalLink": "https://www.sec.gov/Archives/edgar/data/1654126/000110465921039375/tm217869d3_20f.htm"
  },
  {
    "date": "2020-09-30",
    "symbol": "ZIM",
    "reportedCurrency": "USD",
    "cik": "0001654126",
    "fillingDate": "2020-09-30",
    "acceptedDate": "2020-09-29 20:00:00",
    "calendarYear": "2020",
    "period": "Q3",
    "revenue": 1012505000,
    "costOfRevenue": 785268000,
    "grossProfit": 227237000,
    "grossProfitRatio": 0.2244304966,
    "researchAndDevelopmentExpenses": 0,
    "generalAndAdministrativeExpenses": 42721000,
    "sellingAndMarketingExpenses": 0,
    "sellingGeneralAndAdministrativeExpenses": 42721000,
    "otherExpenses": 0,
    "operatingExpenses": 39150000,
    "costAndExpenses": 824418000,
    "interestIncome": 0,
    "interestExpense": 40707000,
    "depreciationAndAmortization": 74274000,
    "ebitda": 263081000,
    "ebitdaratio": 0.2598318033,
    "operatingIncome": 188807000,
    "operatingIncomeRatio": 0.1864751285,
    "totalOtherIncomeExpensesNet": -40707000,
    "incomeBeforeTax": 148100000,
    "incomeBeforeTaxRatio": 0.1462708826,
    "incomeTaxExpense": 3696000,
    "netIncome": 142424000,
    "netIncomeRatio": 0.1406649844,
    "eps": 1.42,
    "epsdiluted": 1.42,
    "weightedAverageShsOut": 100000000,
    "weightedAverageShsOutDil": 100000000,
    "link": "",
    "finalLink": ""
  },
  {
    "date": "2020-06-30",
    "symbol": "ZIM",
    "reportedCurrency": "USD",
    "cik": "0001654126",
    "fillingDate": "2020-06-30",
    "acceptedDate": "2020-06-29 20:00:00",
    "calendarYear": "2020",
    "period": "Q2",
    "revenue": 795130000,
    "costOfRevenue": 692573000,
    "grossProfit": 102557000,
    "grossProfitRatio": 0.1289814244,
    "researchAndDevelopmentExpenses": 0,
    "generalAndAdministrativeExpenses": 36662000,
    "sellingAndMarketingExpenses": 0,
    "sellingGeneralAndAdministrativeExpenses": 36662000,
    "otherExpenses": -1794000,
    "operatingExpenses": 34868000,
    "costAndExpenses": 727441000,
    "interestIncome": 0,
    "interestExpense": 39120000,
    "depreciationAndAmortization": 74471000,
    "ebitda": 143318000,
    "ebitdaratio": 0.1802447399,
    "operatingIncome": 68847000,
    "operatingIncomeRatio": 0.0865858413,
    "totalOtherIncomeExpensesNet": -39120000,
    "incomeBeforeTax": 29727000,
    "incomeBeforeTaxRatio": 0.0373863393,
    "incomeTaxExpense": 4413000,
    "netIncome": 24040000,
    "netIncomeRatio": 0.0302340498,
    "eps": 0.24,
    "epsdiluted": 0.24,
    "weightedAverageShsOut": 100000000,
    "weightedAverageShsOutDil": 100000000,
    "link": "",
    "finalLink": ""
  },
  {
    "date": "2020-03-31",
    "symbol": "ZIM",
    "reportedCurrency": "USD",
    "cik": "0001654126",
    "fillingDate": "2020-03-31",
    "acceptedDate": "2020-03-30 20:00:00",
    "calendarYear": "2020",
    "period": "Q1",
    "revenue": 823215000,
    "costOfRevenue": 765451000,
    "grossProfit": 57764000,
    "grossProfitRatio": 0.0701687894,
    "researchAndDevelopmentExpenses": 0,
    "generalAndAdministrativeExpenses": 35377000,
    "sellingAndMarketingExpenses": 0,
    "sellingGeneralAndAdministrativeExpenses": 35377000,
    "otherExpenses": -2012000,
    "operatingExpenses": 33365000,
    "costAndExpenses": 798816000,
    "interestIncome": 0,
    "interestExpense": 33727000,
    "depreciationAndAmortization": 72133000,
    "ebitda": 97029000,
    "ebitdaratio": 0.1178659281,
    "operatingIncome": 24896000,
    "operatingIncomeRatio": 0.0302424033,
    "totalOtherIncomeExpensesNet": -33727000,
    "incomeBeforeTax": -8831000,
    "incomeBeforeTaxRatio": -0.0107274527,
    "incomeTaxExpense": 3086000,
    "netIncome": -13549000,
    "netIncomeRatio": -0.0164586408,
    "eps": -0.14,
    "epsdiluted": -0.14,
    "weightedAverageShsOut": 100000000,
    "weightedAverageShsOutDil": 100000000,
    "link": "",
    "finalLink": ""
  }
]