[
  {
    "date": "2024-12-31",
    "symbol": "MS",
    "reportedCurrency": "USD",
    "cik": "0000895421",
    "fillingDate": "2025-02-21",
    "acceptedDate": "2025-02-21 16:25:14",
    "calendarYear": "2024",
    "period": "Q4",
    "revenue": 16108000000,
    "costOfRevenue": 0,
    "grossProfit": 16108000000,
    "grossProfitRatio": 1,
    "researchAndDevelopmentExpenses": 0,
    "generalAndAdministrativeExpenses": 8125000000,
    "sellingAndMarketingExpenses": 279000000,
    "sellingGeneralAndAdministrativeExpenses": 7893000000,
    "otherExpenses": 0,
    "operatingExpenses": 7893000000,
    "costAndExpenses": 7893000000,
    "interestIncome": 0,
    "interestExpense": 0,
    "depreciationAndAmortization": -3516000000,
    "ebitda": -5161000000,
    "ebitdaratio": -0.3203998013,
    "operatingIncome": 8215000000,
    "operatingIncomeRatio": 0.5099950335,
    "totalOtherIncomeExpensesNet": -3309000000,
    "incomeBeforeTax": 4906000000,
    "incomeBeforeTaxRatio": 0.3045691582,
    "incomeTaxExpense": 1182000000,
    "netIncome": 3714000000,
    "netIncomeRatio": 0.2305686615,
    "eps": 2.13,
    "epsdiluted": 2.22,
    "weightedAverageShsOut": 1583000000,
    "weightedAverageShsOutDil": 1608000000,
    "link": "https://www.sec.gov/Archives/edgar/data/895421/000089542125000304/0000895421-25-000304-index.htm",
    "finalLink": "https://www.sec.gov/Archives/edgar/data/895421/000089542125000304/ms-20241231.htm"
  },
  {
    "date": "2024-09-30",
    "symbol": "MS",
    "reportedCurrency": "USD",
    "cik": "0000895421",
    "fillingDate": "2024-11-04",
    "acceptedDate": "2024-11-04 16:10:41",
    "calendarYear": "2024",
    "period": "Q3",
    "revenue": 13187000000,
    "costOfRevenue": 7917000000,
    "grossProfit": 5270000000,
    "grossProfitRatio": 0.3996360052,
    "researchAndDevelopmentExpenses": 0,
    "generalAndAdministrativeExpenses": 6733000000,
    "sellingAndMarketingExpenses": 224000000,
    "sellingGeneralAndAdministrativeExpenses": 6957000000,
    "otherExpenses": 0,
    "operatingExpenses": 224000000,
    "costAndExpenses": 8141000000,
    "interestIncome": 0,
    "interestExpense": 0,
    "depreciationAndAmortization": 1270000000,
    "ebitda": 5046000000,
    "ebitdaratio": 0.3826495791,
    "operatingIncome": 5491000000,
    "operatingIncomeRatio": 0.4163949344,
    "totalOtherIncomeExpensesNet": -1270000000,
    "incomeBeforeTax": 4221000000,
    "incomeBeforeTaxRatio": 0.3200879654,
    "incomeTaxExpense": 995000000,
    "netIncome": 3188000000,
    "netIncomeRatio": 0.2417532418,
    "eps": 1.91,
    "epsdiluted": 1.88,
    "weightedAverageShsOut": 1588000000,
    "weightedAverageShsOutDil": 1609000000,
    "link": "https://www.sec.gov/Archives/edgar/data/895421/000089542124000491/0000895421-24-000491-index.htm",
    "finalLink": "https://www.sec.gov/Archives/edgar/data/895421/000089542124000491/ms-20240930.htm"
  },
  {
    "date": "2024-06-30",
    "symbol": "MS",
    "reportedCurrency": "USD",
    "cik": "0000895421",
    "fillingDate": "2024-08-05",
    "acceptedDate": "2024-08-05 16:05:42",
    "calendarYear": "2024",
    "period": "Q2",
    "revenue": 14943000000,
    "costOfRevenue": 0,
    "grossProfit": 0,
    "grossProfitRatio": 0,
    "researchAndDevelopmentExpenses": 0,
    "generalAndAdministrativeExpenses": 753000000,
    "sellingAndMarketingExpenses": 245000000,
    "sellingGeneralAndAdministrativeExpenses": 7922000000,
    "otherExpenses": 0,
    "operatingExpenses": 7922000000,
    "costAndExpenses": 7922000000,
    "interestIncome": 0,
    "interestExpense": 0,
    "depreciationAndAmortization": 1271000000,
    "ebitda": 5030000000,
    "ebitdaratio": 0.3366124607,
    "operatingIncome": 7021000000,
    "operatingIncomeRatio": 0.4698521047,
    "totalOtherIncomeExpensesNet": -1271000000,
    "incomeBeforeTax": 4074000000,
    "incomeBeforeTaxRatio": 0.2726360169,
    "incomeTaxExpense": 957000000,
    "netIncome": 3076000000,
    "netIncomeRatio": 0.2058488925,
    "eps": 1.85,
    "epsdiluted": 1.82,
    "weightedAverageShsOut": 1594000000,
    "weightedAverageShsOutDil": 1611000000,
    "link": "https://www.sec.gov/Archives/edgar/data/895421/000089542124000403/0000895421-24-000403-index.htm",
    "finalLink": "https://www.sec.gov/Archives/edgar/data/895421/000089542124000403/ms-20240630.htm"
  },
  {
    "date": "2024-03-31",
    "symbol": "MS",
    "reportedCurrency": "USD",
    "cik": "0000895421",
    "fillingDate": "2024-05-03",
    "acceptedDate": "2024-05-03 16:04:11",
    "calendarYear": "2024",
    "period": "Q1",
    "revenue": 15142000000,
    "costOfRevenue": 0,
    "grossProfit": 0,
    "grossProfitRatio": 0,
    "researchAndDevelopmentExpenses": 0,
    "generalAndAdministrativeExpenses": 639000000,
    "sellingAndMarketingExpenses": 217000000,
    "sellingGeneralAndAdministrativeExpenses": 7993000000,
    "otherExpenses": 0,
    "operatingExpenses": 7993000000,
    "costAndExpenses": 7993000000,
    "interestIncome": 0,
    "interestExpense": 0,
    "depreciationAndAmortization": 975000000,
    "ebitda": 5347000000,
    "ebitdaratio": 0.3531237617,
    "operatingIncome": 7149000000,
    "operatingIncomeRatio": 0.472130498,
    "totalOtherIncomeExpensesNet": -975000000,
    "incomeBeforeTax": 4395000000,
    "incomeBeforeTaxRatio": 0.2902522784,
    "incomeTaxExpense": 933000000,
    "netIncome": 3412000000,
    "netIncomeRatio": 0.2253335094,
    "eps": 2.04,
    "epsdiluted": 2.02,
    "weightedAverageShsOut": 1601000000,
    "weightedAverageShsOutDil": 1616000000,
    "link": "https://www.sec.gov/Archives/edgar/data/895421/000089542124000322/0000895421-24-000322-index.htm",
    "finalLink": "https://www.sec.gov/Archives/edgar/data/895421/000089542124000322/ms-20240331.htm"
  },
  {
    "date": "2023-12-31",
    "symbol": "MS",
    "reportedCurrency": "USD",
    "cik": "0000895421",
    "fillingDate": "2024-02-22",
    "acceptedDate": "2024-02-22 16:08:52",
    "calendarYear": "2023",
    "period": "Q4",
    "revenue": 12893000000,
    "costOfRevenue": 0,
    "grossProfit": 0,
    "grossProfitRatio": 0,
    "researchAndDevelopmentExpenses": 0,
    "generalAndAdministrativeExpenses": 822000000,
    "sellingAndMarketingExpenses": 224000000,
    "sellingGeneralAndAdministrativeExpenses": 7172000000,
    "otherExpenses": 0,
    "operatingExpenses": 7172000000,
    "costAndExpenses": 7172000000,
    "interestIncome": 14058000000,
    "interestExpense": 12161000000,
    "depreciationAndAmortization": 1406000000,
    "ebitda": 5721000000,
    "ebitdaratio": 0.4437291554,
    "operatingIncome": 5721000000,
    "operatingIncomeRatio": 0.4437291554,
    "totalOtherIncomeExpensesNet": -3625000000,
    "incomeBeforeTax": 2096000000,
    "incomeBeforeTaxRatio": 0.1625688358,
    "incomeTaxExpense": 555000000,
    "netIncome": 1517000000,
    "netIncomeRatio": 0.1176607461,
    "eps": 0.86,
    "epsdiluted": 0.84,
    "weightedAverageShsOut": 1606000000,
    "weightedAverageShsOutDil": 1627000000,
    "link": "https://www.sec.gov/Archives/edgar/data/895421/000089542124000300/0000895421-24-000300-index.htm",
    "finalLink": "https://www.sec.gov/Archives/edgar/data/895421/000089542124000300/ms-20231231.htm"
  },
  {
    "date": "2023-09-30",
    "symbol": "MS",
    "reportedCurrency": "USD",
    "cik": "0000895421",
    "fillingDate": "2023-11-03",
    "acceptedDate": "2023-11-03 16:04:07",
    "calendarYear": "2023",
    "period": "Q3",
    "revenue": 13139000000,
    "costOfRevenue": 0,
    "grossProfit": 0,
    "grossProfitRatio": 0,
    "researchAndDevelopmentExpenses": 0,
    "generalAndAdministrativeExpenses": 759000000,
    "sellingAndMarketingExpenses": 191000000,
    "sellingGeneralAndAdministrativeExpenses": 7341000000,
    "otherExpenses": 0,
    "operatingExpenses": 7341000000,
    "costAndExpenses": 7341000000,
    "interestIncome": 12126000000,
    "interestExpense": 10149000000,
    "depreciationAndAmortization": 988000000,
    "ebitda": 3955000000,
    "ebitdaratio": 0.3010122536,
    "operatingIncome": 5798000000,
    "operatingIncomeRatio": 0.4412816805,
    "totalOtherIncomeExpensesNet": -988000000,
    "incomeBeforeTax": 3145000000,
    "incomeBeforeTaxRatio": 0.2393637263,
    "incomeTaxExpense": 710000000,
    "netIncome": 2408000000,
    "netIncomeRatio": 0.1832711774,
    "eps": 1.39,
    "epsdiluted": 1.38,
    "weightedAverageShsOut": 1624000000,
    "weightedAverageShsOutDil": 1643000000,
    "link": "https://www.sec.gov/Archives/edgar/data/895421/000089542123000441/0000895421-23-000441-index.htm",
    "finalLink": "https://www.sec.gov/Archives/edgar/data/895421/000089542123000441/ms-20230930.htm"
  },
  {
    "date": "2023-06-30",
    "symbol": "MS",
    "reportedCurrency": "USD",
    "cik": "0000895421",
    "fillingDate": "2023-08-03",
    "acceptedDate": "2023-08-03 16:20:44",
    "calendarYear": "2023",
    "period": "Q2",
    "revenue": 13296000000,
    "costOfRevenue": 0,
    "grossProfit": 0,
    "grossProfitRatio": 0,
    "researchAndDevelopmentExpenses": 0,
    "generalAndAdministrativeExpenses": 767000000,
    "sellingAndMarketingExpenses": 236000000,
    "sellingGeneralAndAdministrativeExpenses": 7736000000,
    "otherExpenses": 0,
    "operatingExpenses": 7736000000,
    "costAndExpenses": 7736000000,
    "interestIncome": 10913000000,
    "interestExpense": 8903000000,
    "depreciationAndAmortization": 922000000,
    "ebitda": 3711000000,
    "ebitdaratio": 0.2791064982,
    "operatingIncome": 5560000000,
    "operatingIncomeRatio": 0.4181708785,
    "totalOtherIncomeExpensesNet": -922000000,
    "incomeBeforeTax": 2812000000,
    "incomeBeforeTaxRatio": 0.2114921781,
    "incomeTaxExpense": 591000000,
    "netIncome": 2182000000,
    "netIncomeRatio": 0.1641095066,
    "eps": 1.25,
    "epsdiluted": 1.24,
    "weightedAverageShsOut": 1635000000,
    "weightedAverageShsOutDil": 1651000000,
    "link": "https://www.sec.gov/Archives/edgar/data/895421/000089542123000374/0000895421-23-000374-index.htm",
    "finalLink": "https://www.sec.gov/Archives/edgar/data/895421/000089542123000374/ms-20230630.htm"
  },
  {
    "date": "2023-03-31",
    "symbol": "MS",
    "reportedCurrency": "USD",
    "cik": "0000895421",
    "fillingDate": "2023-05-02",
    "acceptedDate": "2023-05-02 16:25:30",
    "calendarYear": "2023",
    "period": "Q1",
    "revenue": 13636000000,
    "costOfRevenue": 0,
    "grossProfit": 13636000000,
    "grossProfitRatio": 1,
    "researchAndDevelopmentExpenses": 0,
    "generalAndAdministrativeExpenses": 6410000000,
    "sellingAndMarketingExpenses": 247000000,
    "sellingGeneralAndAdministrativeExpenses": 6657000000,
    "otherExpenses": 3219000000,
    "operatingExpenses": 9876000000,
    "costAndExpenses": 9876000000,
    "interestIncome": 9980000000,
    "interestExpense": 7634000000,
    "depreciationAndAmortization": 940000000,
    "ebitda": 4700000000,
    "ebitdaratio": 0.344675858,
    "operatingIncome": 3760000000,
    "operatingIncomeRatio": 0.2757406864,
    "totalOtherIncomeExpensesNet": 0,
    "incomeBeforeTax": 3760000000,
    "incomeBeforeTaxRatio": 0.2757406864,
    "incomeTaxExpense": 727000000,
    "netIncome": 2980000000,
    "netIncomeRatio": 0.218539161,
    "eps": 1.72,
    "epsdiluted": 1.71,
    "weightedAverageShsOut": 1645000000,
    "weightedAverageShsOutDil": 1663000000,
    "link": "https://www.sec.gov/Archives/edgar/data/895421/000089542123000315/0000895421-23-000315-index.htm",
    "finalLink": "https://www.sec.gov/Archives/edgar/data/895421/000089542123000315/ms-20230331.htm"
  },
  {
    "date": "2022-12-31",
    "symbol": "MS",
    "reportedCurrency": "USD",
    "cik": "0000895421",
    "fillingDate": "2023-02-24",
    "acceptedDate": "2023-02-24 16:05:43",
    "calendarYear": "2022",
    "period": "Q4",
    "revenue": 12662000000,
    "costOfRevenue": 0,
    "grossProfit": 0,
    "grossProfitRatio": 0,
    "researchAndDevelopmentExpenses": 0,
    "generalAndAdministrativeExpenses": 853000000,
    "sellingAndMarketingExpenses": 295000000,
    "sellingGeneralAndAdministrativeExpenses": 7206000000,
    "otherExpenses": 0,
    "operatingExpenses": 7206000000,
    "costAndExpenses": 7206000000,
    "interestIncome": 9232000000,
    "interestExpense": 6913000000,
    "depreciationAndAmortization": 1207000000,
    "ebitda": 0,
    "ebitdaratio": 0,
    "operatingIncome": 5456000000,
    "operatingIncomeRatio": 0.4308955931,
    "totalOtherIncomeExpensesNet": -2662000000,
    "incomeBeforeTax": 2794000000,
    "incomeBeforeTaxRatio": 0.2206602432,
    "incomeTaxExpense": 528000000,
    "netIncome": 2236000000,
    "netIncomeRatio": 0.1765913758,
    "eps": 1.28,
    "epsdiluted": 1.26,
    "weightedAverageShsOut": 1652000000,
    "weightedAverageShsOutDil": 1679000000,
    "link": "https://www.sec.gov/Archives/edgar/data/895421/000089542123000284/0000895421-23-000284-index.htm",
    "finalLink": "https://www.sec.gov/Archives/edgar/data/895421/000089542123000284/ms-20221231.htm"
  },
  {
    "date": "2022-09-30",
    "symbol": "MS",
    "reportedCurrency": "USD",
    "cik": "0000895421",
    "fillingDate": "2022-11-03",
    "acceptedDate": "2022-11-03 16:52:43",
    "calendarYear": "2022",
    "period": "Q3",
    "revenue": 12951000000,
    "costOfRevenue": 0,
    "grossProfit": 0,
    "grossProfitRatio": 0,
    "researchAndDevelopmentExpenses": 0,
    "generalAndAdministrativeExpenses": 755000000,
    "sellingAndMarketingExpenses": 215000000,
    "sellingGeneralAndAdministrativeExpenses": 7013000000,
    "otherExpenses": 0,
    "operatingExpenses": 7013000000,
    "costAndExpenses": 7013000000,
    "interestIncome": 6101000000,
    "interestExpense": 3591000000,
    "depreciationAndAmortization": 928000000,
    "ebitda": 3463000000,
    "ebitdaratio": 0.2673924793,
    "operatingIncome": 5938000000,
    "operatingIncomeRatio": 0.4584974133,
    "totalOtherIncomeExpensesNet": -928000000,
    "incomeBeforeTax": 3388000000,
    "incomeBeforeTaxRatio": 0.2616014207,
    "incomeTaxExpense": 726000000,
    "netIncome": 2632000000,
    "netIncomeRatio": 0.20322755,
    "eps": 1.49,
    "epsdiluted": 1.47,
    "weightedAverageShsOut": 1674000000,
    "weightedAverageShsOutDil": 1697000000,
    "link": "https://www.sec.gov/Archives/edgar/data/895421/000089542122000587/0000895421-22-000587-index.htm",
    "finalLink": "https://www.sec.gov/Archives/edgar/data/895421/000089542122000587/ms-20220930.htm"
  },
  {
    "date": "2022-06-30",
    "symbol": "MS",
    "reportedCurrency": "USD",
    "cik": "0000895421",
    "fillingDate": "2022-08-05",
    "acceptedDate": "2022-08-05 16:04:18",
    "calendarYear": "2022",
    "period": "Q2",
    "revenue": 13031000000,
    "costOfRevenue": 0,
    "grossProfit": 0,
    "grossProfitRatio": 0,
    "researchAndDevelopmentExpenses": 0,
    "generalAndAdministrativeExpenses": 757000000,
    "sellingAndMarketingExpenses": 220000000,
    "sellingGeneralAndAdministrativeExpenses": 6957000000,
    "otherExpenses": 0,
    "operatingExpenses": 6957000000,
    "costAndExpenses": 6957000000,
    "interestIncome": 3612000000,
    "interestExpense": 1330000000,
    "depreciationAndAmortization": 921000000,
    "ebitda": 3893000000,
    "ebitdaratio": 0.2987491367,
    "operatingIncome": 6074000000,
    "operatingIncomeRatio": 0.4661192541,
    "totalOtherIncomeExpensesNet": -921000000,
    "incomeBeforeTax": 3319000000,
    "incomeBeforeTaxRatio": 0.25470033,
    "incomeTaxExpense": 783000000,
    "netIncome": 2495000000,
    "netIncomeRatio": 0.191466503,
    "eps": 1.4,
    "epsdiluted": 1.39,
    "weightedAverageShsOut": 1704000000,
    "weightedAverageShsOutDil": 1723000000,
    "link": "https://www.sec.gov/Archives/edgar/data/895421/000089542122000515/0000895421-22-000515-index.htm",
    "finalLink": "https://www.sec.gov/Archives/edgar/data/895421/000089542122000515/ms-20220630.htm"
  },
  {
    "date": "2022-03-31",
    "symbol": "MS",
    "reportedCurrency": "USD",
    "cik": "0000895421",
    "fillingDate": "2022-05-04",
    "acceptedDate": "2022-05-04 16:04:29",
    "calendarYear": "2022",
    "period": "Q1",
    "revenue": 14744000000,
    "costOfRevenue": 0,
    "grossProfit": 0,
    "grossProfitRatio": 0,
    "researchAndDevelopmentExpenses": 0,
    "generalAndAdministrativeExpenses": 705000000,
    "sellingAndMarketingExpenses": 175000000,
    "sellingGeneralAndAdministrativeExpenses": 7581000000,
    "otherExpenses": 0,
    "operatingExpenses": 7581000000,
    "costAndExpenses": 7581000000,
    "interestIncome": 2650000000,
    "interestExpense": 434000000,
    "depreciationAndAmortization": 942000000,
    "ebitda": 5004000000,
    "ebitdaratio": 0.3393922952,
    "operatingIncome": 7163000000,
    "operatingIncomeRatio": 0.4858247423,
    "totalOtherIncomeExpensesNet": -942000000,
    "incomeBeforeTax": 4588000000,
    "incomeBeforeTaxRatio": 0.3111774281,
    "incomeTaxExpense": 873000000,
    "netIncome": 3666000000,
    "netIncomeRatio": 0.248643516,
    "eps": 2.04,
    "epsdiluted": 2.02,
    "weightedAverageShsOut": 1733000000,
    "weightedAverageShsOutDil": 1755000000,
    "link": "https://www.sec.gov/Archives/edgar/data/895421/000089542122000442/0000895421-22-000442-index.htm",
    "finalLink": "https://www.sec.gov/Archives/edgar/data/895421/000089542122000442/ms-20220331.htm"
  },
  {
    "date": "2021-12-31",
    "symbol": "MS",
    "reportedCurrency": "USD",
    "cik": "0000895421",
    "fillingDate": "2022-02-24",
    "acceptedDate": "2022-02-24 16:06:17",
    "calendarYear": "2021",
    "period": "Q4",
    "revenue": 14519000000,
    "costOfRevenue": 0,
    "grossProfit": 0,
    "grossProfitRatio": 0,
    "researchAndDevelopmentExpenses": 0,
    "generalAndAdministrativeExpenses": 829000000,
    "sellingAndMarketingExpenses": 205000000,
    "sellingGeneralAndAdministrativeExpenses": 6898000000,
    "otherExpenses": 0,
    "operatingExpenses": 6898000000,
    "costAndExpenses": 6898000000,
    "interestIncome": 2411000000,
    "interestExpense": 322000000,
    "depreciationAndAmortization": 1237000000,
    "ebitda": 7621000000,
    "ebitdaratio": 0.524898409,
    "operatingIncome": 7621000000,
    "operatingIncomeRatio": 0.524898409,
    "totalOtherIncomeExpensesNet": -2737000000,
    "incomeBeforeTax": 4884000000,
    "incomeBeforeTaxRatio": 0.3363868035,
    "incomeTaxExpense": 1168000000,
    "netIncome": 3696000000,
    "netIncomeRatio": 0.2545629864,
    "eps": 2.05,
    "epsdiluted": 2.01,
    "weightedAverageShsOut": 1751000000,
    "weightedAverageShsOutDil": 1785000000,
    "link": "https://www.sec.gov/Archives/edgar/data/895421/000089542122000400/0000895421-22-000400-index.htm",
    "finalLink": "https://www.sec.gov/Archives/edgar/data/895421/000089542122000400/ms-20211231.htm"
  },
  {
    "date": "2021-09-30",
    "symbol": "MS",
    "reportedCurrency": "USD",
    "cik": "0000895421",
    "fillingDate": "2021-11-03",
    "acceptedDate": "2021-11-03 16:05:56",
    "calendarYear": "2021",
    "period": "Q3",
    "revenue": 14729000000,
    "costOfRevenue": 0,
    "grossProfit": 0,
    "grossProfitRatio": 0,
    "researchAndDevelopmentExpenses": 0,
    "generalAndAdministrativeExpenses": 734000000,
    "sellingAndMarketingExpenses": 146000000,
    "sellingGeneralAndAdministrativeExpenses": 7227000000,
    "otherExpenses": 0,
    "operatingExpenses": 7227000000,
    "costAndExpenses": 7227000000,
    "interestIncome": 2351000000,
    "interestExpense": 288000000,
    "depreciationAndAmortization": 1035000000,
    "ebitda": 5463000000,
    "ebitdaratio": 0.3709009437,
    "operatingIncome": 7502000000,
    "operatingIncomeRatio": 0.5093353249,
    "totalOtherIncomeExpensesNet": -1045000000,
    "incomeBeforeTax": 4874000000,
    "incomeBeforeTaxRatio": 0.3309118066,
    "incomeTaxExpense": 1150000000,
    "netIncome": 3707000000,
    "netIncomeRatio": 0.2516803585,
    "eps": 2.01,
    "epsdiluted": 1.98,
    "weightedAverageShsOut": 1781000000,
    "weightedAverageShsOutDil": 1812000000,
    "link": "https://www.sec.gov/Archives/edgar/data/895421/000089542121000532/0000895421-21-000532-index.htm",
    "finalLink": "https://www.sec.gov/Archives/edgar/data/895421/000089542121000532/ms-20210930.htm"
  },
  {
    "date": "2021-06-30",
    "symbol": "MS",
    "reportedCurrency": "USD",
    "cik": "0000895421",
    "fillingDate": "2021-08-02",
    "acceptedDate": "2021-08-02 16:08:28",
    "calendarYear": "2021",
    "period": "Q2",
    "revenue": 14686000000,
    "costOfRevenue": 0,
    "grossProfit": 0,
    "grossProfitRatio": 0,
    "researchAndDevelopmentExpenses": 0,
    "generalAndAdministrativeExpenses": 746000000,
    "sellingAndMarketingExpenses": 146000000,
    "sellingGeneralAndAdministrativeExpenses": 7729000000,
    "otherExpenses": 0,
    "operatingExpenses": 7729000000,
    "costAndExpenses": 7729000000,
    "interestIncome": 2212000000,
    "interestExpense": 347000000,
    "depreciationAndAmortization": 1057000000,
    "ebitda": 5165000000,
    "ebitdaratio": 0.3516954923,
    "operatingIncome": 6957000000,
    "operatingIncomeRatio": 0.4737164647,
    "totalOtherIncomeExpensesNet": -1060000000,
    "incomeBeforeTax": 4566000000,
    "incomeBeforeTaxRatio": 0.3109083481,
    "incomeTaxExpense": 1054000000,
    "netIncome": 3511000000,
    "netIncomeRatio": 0.2390712243,
    "eps": 1.88,
    "epsdiluted": 1.85,
    "weightedAverageShsOut": 1814000000,
    "weightedAverageShsOutDil": 1841000000,
    "link": "https://www.sec.gov/Archives/edgar/data/895421/000089542121000425/0000895421-21-000425-index.htm",
    "finalLink": "https://www.sec.gov/Archives/edgar/data/895421/000089542121000425/ms-20210630.htm"
  },
  {
    "date": "2021-03-31",
    "symbol": "MS",
    "reportedCurrency": "USD",
    "cik": "0000895421",
    "fillingDate": "2021-05-03",
    "acceptedDate": "2021-05-03 16:09:20",
    "calendarYear": "2021",
    "period": "Q1",
    "revenue": 15817000000,
    "costOfRevenue": 0,
    "grossProfit": 0,
    "grossProfitRatio": 0,
    "researchAndDevelopmentExpenses": 0,
    "generalAndAdministrativeExpenses": 624000000,
    "sellingAndMarketingExpenses": 146000000,
    "sellingGeneralAndAdministrativeExpenses": 7940000000,
    "otherExpenses": 0,
    "operatingExpenses": 7940000000,
    "costAndExpenses": 7940000000,
    "interestIncome": 2437000000,
    "interestExpense": 409000000,
    "depreciationAndAmortization": 887000000,
    "ebitda": 5718000000,
    "ebitdaratio": 0.361509768,
    "operatingIncome": 7877000000,
    "operatingIncomeRatio": 0.4980084719,
    "totalOtherIncomeExpensesNet": -887000000,
    "incomeBeforeTax": 5344000000,
    "incomeBeforeTaxRatio": 0.3378643232,
    "incomeTaxExpense": 1176000000,
    "netIncome": 4120000000,
    "netIncomeRatio": 0.2604792312,
    "eps": 2.22,
    "epsdiluted": 2.19,
    "weightedAverageShsOut": 1795000000,
    "weightedAverageShsOutDil": 1818000000,
    "link": "https://www.sec.gov/Archives/edgar/data/895421/000089542121000334/0000895421-21-000334-index.htm",
    "finalLink": "https://www.sec.gov/Archives/edgar/data/895421/000089542121000334/ms-20210331.htm"
  },
  {
    "date": "2020-12-31",
    "symbol": "MS",
    "reportedCurrency": "USD",
    "cik": "0000895421",
    "fillingDate": "2021-02-26",
    "acceptedDate": "2021-02-26 16:23:40",
    "calendarYear": "2020",
    "period": "Q4",
    "revenue": 13593000000,
    "costOfRevenue": 0,
    "grossProfit": 0,
    "grossProfitRatio": 0,
    "researchAndDevelopmentExpenses": 0,
    "generalAndAdministrativeExpenses": 679000000,
    "sellingAndMarketingExpenses": 161000000,
    "sellingGeneralAndAdministrativeExpenses": 6595000000,
    "otherExpenses": 0,
    "operatingExpenses": 6595000000,
    "costAndExpenses": 6595000000,
    "interestIncome": 2245000000,
    "interestExpense": 374000000,
    "depreciationAndAmortization": 1406000000,
    "ebitda": 6998000000,
    "ebitdaratio": 0.5148238064,
    "operatingIncome": 6998000000,
    "operatingIncomeRatio": 0.5148238064,
    "totalOtherIncomeExpensesNet": -2568000000,
    "incomeBeforeTax": 4430000000,
    "incomeBeforeTaxRatio": 0.3259030383,
    "incomeTaxExpense": 1018000000,
    "netIncome": 3385000000,
    "netIncomeRatio": 0.2490252336,
    "eps": 1.84,
    "epsdiluted": 1.81,
    "weightedAverageShsOut": 1774000000,
    "weightedAverageShsOutDil": 1802000000,
    "link": "https://www.sec.gov/Archives/edgar/data/895421/000089542121000286/0000895421-21-000286-index.htm",
    "finalLink": "https://www.sec.gov/Archives/edgar/data/895421/000089542121000286/ms-20201231.htm"
  },
  {
    "date": "2020-09-30",
    "symbol": "MS",
    "reportedCurrency": "USD",
    "cik": "0000895421",
    "fillingDate": "2020-11-03",
    "acceptedDate": "2020-11-03 16:07:09",
    "calendarYear": "2020",
    "period": "Q3",
    "revenue": 11610000000,
    "costOfRevenue": 0,
    "grossProfit": 0,
    "grossProfitRatio": 0,
    "researchAndDevelopmentExpenses": 0,
    "generalAndAdministrativeExpenses": 542000000,
    "sellingAndMarketingExpenses": 78000000,
    "sellingGeneralAndAdministrativeExpenses": 6079000000,
    "otherExpenses": 0,
    "operatingExpenses": 6079000000,
    "costAndExpenses": 6079000000,
    "interestIncome": 2056000000,
    "interestExpense": 570000000,
    "depreciationAndAmortization": 853000000,
    "ebitda": 4092000000,
    "ebitdaratio": 0.3524547804,
    "operatingIncome": 5531000000,
    "operatingIncomeRatio": 0.4763996555,
    "totalOtherIncomeExpensesNet": -853000000,
    "incomeBeforeTax": 3487000000,
    "incomeBeforeTaxRatio": 0.3003445306,
    "incomeTaxExpense": 736000000,
    "netIncome": 2717000000,
    "netIncomeRatio": 0.2340223945,
    "eps": 1.68,
    "epsdiluted": 1.66,
    "weightedAverageShsOut": 1542000000,
    "weightedAverageShsOutDil": 1566000000,
    "link": "https://www.sec.gov/Archives/edgar/data/895421/000089542120000527/0000895421-20-000527-index.htm",
    "finalLink": "https://www.sec.gov/Archives/edgar/data/895421/000089542120000527/msq3202010q.htm"
  },
  {
    "date": "2020-06-30",
    "symbol": "MS",
    "reportedCurrency": "USD",
    "cik": "0000895421",
    "fillingDate": "2020-08-04",
    "acceptedDate": "2020-08-04 16:06:58",
    "calendarYear": "2020",
    "period": "Q2",
    "revenue": 13421000000,
    "costOfRevenue": 0,
    "grossProfit": 0,
    "grossProfitRatio": 0,
    "researchAndDevelopmentExpenses": 0,
    "generalAndAdministrativeExpenses": 535000000,
    "sellingAndMarketingExpenses": 63000000,
    "sellingGeneralAndAdministrativeExpenses": 6998000000,
    "otherExpenses": 0,
    "operatingExpenses": 6998000000,
    "costAndExpenses": 6998000000,
    "interestIncome": 2358000000,
    "interestExpense": 758000000,
    "depreciationAndAmortization": 686000000,
    "ebitda": 4816000000,
    "ebitdaratio": 0.3588406229,
    "operatingIncome": 6423000000,
    "operatingIncomeRatio": 0.4785783474,
    "totalOtherIncomeExpensesNet": -686000000,
    "incomeBeforeTax": 4355000000,
    "incomeBeforeTaxRatio": 0.3244914686,
    "incomeTaxExpense": 1119000000,
    "netIncome": 3196000000,
    "netIncomeRatio": 0.2381342672,
    "eps": 1.98,
    "epsdiluted": 1.96,
    "weightedAverageShsOut": 1541000000,
    "weightedAverageShsOutDil": 1557000000,
    "link": "https://www.sec.gov/Archives/edgar/data/895421/000089542120000429/0000895421-20-000429-index.htm",
    "finalLink": "https://www.sec.gov/Archives/edgar/data/895421/000089542120000429/msq2202010q.htm"
  },
  {
    "date": "2020-03-31",
    "symbol": "MS",
    "reportedCurrency": "USD",
    "cik": "0000895421",
    "fillingDate": "2020-05-05",
    "acceptedDate": "2020-05-05 16:14:35",
    "calendarYear": "2020",
    "period": "Q1",
    "revenue": 9372000000,
    "costOfRevenue": 0,
    "grossProfit": 0,
    "grossProfitRatio": 0,
    "researchAndDevelopmentExpenses": 0,
    "generalAndAdministrativeExpenses": 449000000,
    "sellingAndMarketingExpenses": 132000000,
    "sellingGeneralAndAdministrativeExpenses": 5229000000,
    "otherExpenses": 0,
    "operatingExpenses": 5229000000,
    "costAndExpenses": 5229000000,
    "interestIncome": 3503000000,
    "interestExpense": 2147000000,
    "depreciationAndAmortization": 824000000,
    "ebitda": -417000000,
    "ebitdaratio": -0.0444942382,
    "operatingIncome": 4143000000,
    "operatingIncomeRatio": 0.4420614597,
    "totalOtherIncomeExpensesNet": -756000000,
    "incomeBeforeTax": 2146000000,
    "incomeBeforeTaxRatio": 0.2289799402,
    "incomeTaxExpense": 366000000,
    "netIncome": 1698000000,
    "netIncomeRatio": 0.181177977,
    "eps": 1.02,
    "epsdiluted": 1.01,
    "weightedAverageShsOut": 1555000000,
    "weightedAverageShsOutDil": 1573000000,
    "link": "https://www.sec.gov/Archives/edgar/data/895421/000089542120000323/0000895421-20-000323-index.htm",
    "finalLink": "https://www.sec.gov/Archives/edgar/data/895421/000089542120000323/msq1202010q.htm"
  }
]