[
  {
    "date": "2024-12-31",
    "symbol": "MS",
    "reportedCurrency": "USD",
    "cik": "0000895421",
    "fillingDate": "2025-02-21",
    "acceptedDate": "2025-02-21 16:25:14",
    "calendarYear": "2024",
    "period": "FY",
    "revenue": 61497000000,
    "costOfRevenue": 0,
    "grossProfit": 61497000000,
    "grossProfitRatio": 1,
    "researchAndDevelopmentExpenses": 0,
    "generalAndAdministrativeExpenses": 26178000000,
    "sellingAndMarketingExpenses": 965000000,
    "sellingGeneralAndAdministrativeExpenses": 27143000000,
    "otherExpenses": 0,
    "operatingExpenses": 31949000000,
    "costAndExpenses": 31949000000,
    "interestIncome": 0,
    "interestExpense": 0,
    "depreciationAndAmortization": 0,
    "ebitda": 17596000000,
    "ebitdaratio": 0.2861277786,
    "operatingIncome": 29548000000,
    "operatingIncomeRatio": 0.4804787225,
    "totalOtherIncomeExpensesNet": -11952000000,
    "incomeBeforeTax": 17596000000,
    "incomeBeforeTaxRatio": 0.2861277786,
    "incomeTaxExpense": 4067000000,
    "netIncome": 13390000000,
    "netIncomeRatio": 0.2177341984,
    "eps": 8.05,
    "epsdiluted": 7.95,
    "weightedAverageShsOut": 1591000000,
    "weightedAverageShsOutDil": 1611000000,
    "link": "https://www.sec.gov/Archives/edgar/data/895421/000089542125000304/0000895421-25-000304-index.htm",
    "finalLink": "https://www.sec.gov/Archives/edgar/data/895421/000089542125000304/ms-20241231.htm"
  },
  {
    "date": "2023-12-31",
    "symbol": "MS",
    "reportedCurrency": "USD",
    "cik": "0000895421",
    "fillingDate": "2024-02-22",
    "acceptedDate": "2024-02-22 16:08:52",
    "calendarYear": "2023",
    "period": "FY",
    "revenue": 53611000000,
    "costOfRevenue": 0,
    "grossProfit": 53611000000,
    "grossProfitRatio": 1,
    "researchAndDevelopmentExpenses": 0,
    "generalAndAdministrativeExpenses": 24205000000,
    "sellingAndMarketingExpenses": 898000000,
    "sellingGeneralAndAdministrativeExpenses": 30056000000,
    "otherExpenses": 0,
    "operatingExpenses": 30056000000,
    "costAndExpenses": 30056000000,
    "interestIncome": 50281000000,
    "interestExpense": 42051000000,
    "depreciationAndAmortization": 4256000000,
    "ebitda": 23555000000,
    "ebitdaratio": 0.4393687863,
    "operatingIncome": 23555000000,
    "operatingIncomeRatio": 0.4393687863,
    "totalOtherIncomeExpensesNet": -11742000000,
    "incomeBeforeTax": 11813000000,
    "incomeBeforeTaxRatio": 0.2203465707,
    "incomeTaxExpense": 2583000000,
    "netIncome": 9087000000,
    "netIncomeRatio": 0.1694987969,
    "eps": 5.24,
    "epsdiluted": 5.18,
    "weightedAverageShsOut": 1628000000,
    "weightedAverageShsOutDil": 1646000000,
    "link": "https://www.sec.gov/Archives/edgar/data/895421/000089542124000300/0000895421-24-000300-index.htm",
    "finalLink": "https://www.sec.gov/Archives/edgar/data/895421/000089542124000300/ms-20231231.htm"
  },
  {
    "date": "2022-12-31",
    "symbol": "MS",
    "reportedCurrency": "USD",
    "cik": "0000895421",
    "fillingDate": "2023-02-24",
    "acceptedDate": "2023-02-24 16:05:43",
    "calendarYear": "2022",
    "period": "FY",
    "revenue": 53388000000,
    "costOfRevenue": 0,
    "grossProfit": 0,
    "grossProfitRatio": 0,
    "researchAndDevelopmentExpenses": 0,
    "generalAndAdministrativeExpenses": 3070000000,
    "sellingAndMarketingExpenses": 905000000,
    "sellingGeneralAndAdministrativeExpenses": 28757000000,
    "otherExpenses": 0,
    "operatingExpenses": 28757000000,
    "costAndExpenses": 28757000000,
    "interestIncome": 21595000000,
    "interestExpense": 12268000000,
    "depreciationAndAmortization": 3998000000,
    "ebitda": 24631000000,
    "ebitdaratio": 0.4613583577,
    "operatingIncome": 24631000000,
    "operatingIncomeRatio": 0.4613583577,
    "totalOtherIncomeExpensesNet": -10542000000,
    "incomeBeforeTax": 14089000000,
    "incomeBeforeTaxRatio": 0.2638982543,
    "incomeTaxExpense": 2910000000,
    "netIncome": 11029000000,
    "netIncomeRatio": 0.2065820034,
    "eps": 6.23,
    "epsdiluted": 6.15,
    "weightedAverageShsOut": 1691000000,
    "weightedAverageShsOutDil": 1713000000,
    "link": "https://www.sec.gov/Archives/edgar/data/895421/000089542123000284/0000895421-23-000284-index.htm",
    "finalLink": "https://www.sec.gov/Archives/edgar/data/895421/000089542123000284/ms-20221231.htm"
  },
  {
    "date": "2021-12-31",
    "symbol": "MS",
    "reportedCurrency": "USD",
    "cik": "0000895421",
    "fillingDate": "2022-02-24",
    "acceptedDate": "2022-02-24 16:06:17",
    "calendarYear": "2021",
    "period": "FY",
    "revenue": 59751000000,
    "costOfRevenue": 0,
    "grossProfit": 0,
    "grossProfitRatio": 0,
    "researchAndDevelopmentExpenses": 0,
    "generalAndAdministrativeExpenses": 2933000000,
    "sellingAndMarketingExpenses": 643000000,
    "sellingGeneralAndAdministrativeExpenses": 29929000000,
    "otherExpenses": 0,
    "operatingExpenses": 29929000000,
    "costAndExpenses": 29929000000,
    "interestIncome": 9411000000,
    "interestExpense": 1366000000,
    "depreciationAndAmortization": 4216000000,
    "ebitda": 29822000000,
    "ebitdaratio": 0.4991046175,
    "operatingIncome": 29822000000,
    "operatingIncomeRatio": 0.4991046175,
    "totalOtherIncomeExpensesNet": -10154000000,
    "incomeBeforeTax": 19668000000,
    "incomeBeforeTaxRatio": 0.3291660391,
    "incomeTaxExpense": 4548000000,
    "netIncome": 15034000000,
    "netIncomeRatio": 0.2516108517,
    "eps": 8.16,
    "epsdiluted": 8.03,
    "weightedAverageShsOut": 1785000000,
    "weightedAverageShsOutDil": 1814000000,
    "link": "https://www.sec.gov/Archives/edgar/data/895421/000089542122000400/0000895421-22-000400-index.htm",
    "finalLink": "https://www.sec.gov/Archives/edgar/data/895421/000089542122000400/ms-20211231.htm"
  },
  {
    "date": "2020-12-31",
    "symbol": "MS",
    "reportedCurrency": "USD",
    "cik": "0000895421",
    "fillingDate": "2021-02-26",
    "acceptedDate": "2021-02-26 16:23:40",
    "calendarYear": "2020",
    "period": "FY",
    "revenue": 47996000000,
    "costOfRevenue": 0,
    "grossProfit": 0,
    "grossProfitRatio": 0,
    "researchAndDevelopmentExpenses": 0,
    "generalAndAdministrativeExpenses": 2205000000,
    "sellingAndMarketingExpenses": 434000000,
    "sellingGeneralAndAdministrativeExpenses": 24901000000,
    "otherExpenses": 0,
    "operatingExpenses": 24901000000,
    "costAndExpenses": 24901000000,
    "interestIncome": 10162000000,
    "interestExpense": 3849000000,
    "depreciationAndAmortization": 3769000000,
    "ebitda": 23095000000,
    "ebitdaratio": 0.4811859322,
    "operatingIncome": 23095000000,
    "operatingIncomeRatio": 0.4811859322,
    "totalOtherIncomeExpensesNet": -8677000000,
    "incomeBeforeTax": 14418000000,
    "incomeBeforeTaxRatio": 0.3004000333,
    "incomeTaxExpense": 3239000000,
    "netIncome": 10996000000,
    "netIncomeRatio": 0.2291024252,
    "eps": 6.55,
    "epsdiluted": 6.46,
    "weightedAverageShsOut": 1603000000,
    "weightedAverageShsOutDil": 1624000000,
    "link": "https://www.sec.gov/Archives/edgar/data/895421/000089542121000286/0000895421-21-000286-index.htm",
    "finalLink": "https://www.sec.gov/Archives/edgar/data/895421/000089542121000286/ms-20201231.htm"
  },
  {
    "date": "2019-12-31",
    "symbol": "MS",
    "reportedCurrency": "USD",
    "cik": "0000895421",
    "fillingDate": "2020-02-27",
    "acceptedDate": "2020-02-27 16:34:27",
    "calendarYear": "2019",
    "period": "FY",
    "revenue": 41377000000,
    "costOfRevenue": 0,
    "grossProfit": 0,
    "grossProfitRatio": 0,
    "researchAndDevelopmentExpenses": 0,
    "generalAndAdministrativeExpenses": 2137000000,
    "sellingAndMarketingExpenses": 660000000,
    "sellingGeneralAndAdministrativeExpenses": 22890000000,
    "otherExpenses": 0,
    "operatingExpenses": 22890000000,
    "costAndExpenses": 22890000000,
    "interestIncome": 17098000000,
    "interestExpense": 12404000000,
    "depreciationAndAmortization": 2643000000,
    "ebitda": 18487000000,
    "ebitdaratio": 0.4467941127,
    "operatingIncome": 18487000000,
    "operatingIncomeRatio": 0.4467941127,
    "totalOtherIncomeExpensesNet": -7186000000,
    "incomeBeforeTax": 11301000000,
    "incomeBeforeTaxRatio": 0.2731227494,
    "incomeTaxExpense": 2064000000,
    "netIncome": 9042000000,
    "netIncomeRatio": 0.2185272011,
    "eps": 5.26,
    "epsdiluted": 5.19,
    "weightedAverageShsOut": 1617000000,
    "weightedAverageShsOutDil": 1640000000,
    "link": "https://www.sec.gov/Archives/edgar/data/895421/000089542120000265/0000895421-20-000265-index.htm",
    "finalLink": "https://www.sec.gov/Archives/edgar/data/895421/000089542120000265/msq4201910k.htm"
  },
  {
    "date": "2018-12-31",
    "symbol": "MS",
    "reportedCurrency": "USD",
    "cik": "0000895421",
    "fillingDate": "2019-02-26",
    "acceptedDate": "2019-02-26 16:12:52",
    "calendarYear": "2018",
    "period": "FY",
    "revenue": 40107000000,
    "costOfRevenue": 0,
    "grossProfit": 0,
    "grossProfitRatio": 0,
    "researchAndDevelopmentExpenses": 0,
    "generalAndAdministrativeExpenses": 2265000000,
    "sellingAndMarketingExpenses": 691000000,
    "sellingGeneralAndAdministrativeExpenses": 21979000000,
    "otherExpenses": 0,
    "operatingExpenses": 21979000000,
    "costAndExpenses": 21979000000,
    "interestIncome": 13892000000,
    "interestExpense": 10086000000,
    "depreciationAndAmortization": 1844000000,
    "ebitda": 18128000000,
    "ebitdaratio": 0.4519909243,
    "operatingIncome": 18128000000,
    "operatingIncomeRatio": 0.4519909243,
    "totalOtherIncomeExpensesNet": -6891000000,
    "incomeBeforeTax": 11237000000,
    "incomeBeforeTaxRatio": 0.2801755305,
    "incomeTaxExpense": 2350000000,
    "netIncome": 8748000000,
    "netIncomeRatio": 0.2181165383,
    "eps": 4.82,
    "epsdiluted": 4.73,
    "weightedAverageShsOut": 1708000000,
    "weightedAverageShsOutDil": 1738000000,
    "link": "https://www.sec.gov/Archives/edgar/data/895421/000119312519051943/0001193125-19-051943-index.htm",
    "finalLink": "https://www.sec.gov/Archives/edgar/data/895421/000119312519051943/d707577d10k.htm"
  },
  {
    "date": "2017-12-31",
    "symbol": "MS",
    "reportedCurrency": "USD",
    "cik": "0000895421",
    "fillingDate": "2018-02-27",
    "acceptedDate": "2018-02-27 16:09:47",
    "calendarYear": "2017",
    "period": "FY",
    "revenue": 37945000000,
    "costOfRevenue": 0,
    "grossProfit": 0,
    "grossProfitRatio": 0,
    "researchAndDevelopmentExpenses": 0,
    "generalAndAdministrativeExpenses": 2169000000,
    "sellingAndMarketingExpenses": 609000000,
    "sellingGeneralAndAdministrativeExpenses": 21273000000,
    "otherExpenses": 0,
    "operatingExpenses": 21273000000,
    "costAndExpenses": 21273000000,
    "interestIncome": 8997000000,
    "interestExpense": 5697000000,
    "depreciationAndAmortization": 1753000000,
    "ebitda": 16672000000,
    "ebitdaratio": 0.4393727764,
    "operatingIncome": 16672000000,
    "operatingIncomeRatio": 0.4393727764,
    "totalOtherIncomeExpensesNet": -6269000000,
    "incomeBeforeTax": 10403000000,
    "incomeBeforeTaxRatio": 0.2741599684,
    "incomeTaxExpense": 4168000000,
    "netIncome": 6111000000,
    "netIncomeRatio": 0.1610488865,
    "eps": 3.15,
    "epsdiluted": 3.08,
    "weightedAverageShsOut": 1780000000,
    "weightedAverageShsOutDil": 1821000000,
    "link": "https://www.sec.gov/Archives/edgar/data/895421/000119312518060831/0001193125-18-060831-index.htm",
    "finalLink": "https://www.sec.gov/Archives/edgar/data/895421/000119312518060831/d500533d10k.htm"
  },
  {
    "date": "2016-12-31",
    "symbol": "MS",
    "reportedCurrency": "USD",
    "cik": "0000895421",
    "fillingDate": "2017-02-27",
    "acceptedDate": "2017-02-27 17:05:04",
    "calendarYear": "2016",
    "period": "FY",
    "revenue": 34631000000,
    "costOfRevenue": 0,
    "grossProfit": 0,
    "grossProfitRatio": 0,
    "researchAndDevelopmentExpenses": 0,
    "generalAndAdministrativeExpenses": 2128000000,
    "sellingAndMarketingExpenses": 587000000,
    "sellingGeneralAndAdministrativeExpenses": 19901000000,
    "otherExpenses": 0,
    "operatingExpenses": 19901000000,
    "costAndExpenses": 19901000000,
    "interestIncome": 7016000000,
    "interestExpense": 3318000000,
    "depreciationAndAmortization": 1736000000,
    "ebitda": 14730000000,
    "ebitdaratio": 0.4253414571,
    "operatingIncome": 14730000000,
    "operatingIncomeRatio": 0.4253414571,
    "totalOtherIncomeExpensesNet": -5882000000,
    "incomeBeforeTax": 8848000000,
    "incomeBeforeTaxRatio": 0.2554936329,
    "incomeTaxExpense": 2726000000,
    "netIncome": 5979000000,
    "netIncomeRatio": 0.1726487829,
    "eps": 2.98,
    "epsdiluted": 2.92,
    "weightedAverageShsOut": 1849000000,
    "weightedAverageShsOutDil": 1887000000,
    "link": "https://www.sec.gov/Archives/edgar/data/895421/000119312517059212/0001193125-17-059212-index.htm",
    "finalLink": "https://www.sec.gov/Archives/edgar/data/895421/000119312517059212/d328282d10k.htm"
  },
  {
    "date": "2015-12-31",
    "symbol": "MS",
    "reportedCurrency": "USD",
    "cik": "0000895421",
    "fillingDate": "2016-02-23",
    "acceptedDate": "2016-02-23 16:13:59",
    "calendarYear": "2015",
    "period": "FY",
    "revenue": 35226000000,
    "costOfRevenue": 0,
    "grossProfit": 0,
    "grossProfitRatio": 0,
    "researchAndDevelopmentExpenses": 0,
    "generalAndAdministrativeExpenses": 2298000000,
    "sellingAndMarketingExpenses": 681000000,
    "sellingGeneralAndAdministrativeExpenses": 20377000000,
    "otherExpenses": 0,
    "operatingExpenses": 20377000000,
    "costAndExpenses": 20377000000,
    "interestIncome": 5835000000,
    "interestExpense": 2742000000,
    "depreciationAndAmortization": 1433000000,
    "ebitda": 14849000000,
    "ebitdaratio": 0.4215352297,
    "operatingIncome": 14849000000,
    "operatingIncomeRatio": 0.4215352297,
    "totalOtherIncomeExpensesNet": -6354000000,
    "incomeBeforeTax": 8495000000,
    "incomeBeforeTaxRatio": 0.2411570999,
    "incomeTaxExpense": 2200000000,
    "netIncome": 6127000000,
    "netIncomeRatio": 0.173934026,
    "eps": 2.98,
    "epsdiluted": 2.91,
    "weightedAverageShsOut": 1909000000,
    "weightedAverageShsOutDil": 1953000000,
    "link": "https://www.sec.gov/Archives/edgar/data/895421/000119312516473553/0001193125-16-473553-index.htm",
    "finalLink": "https://www.sec.gov/Archives/edgar/data/895421/000119312516473553/d48186d10k.htm"
  }
]