[
  {
    "date": "2025-01-24",
    "symbol": "MDT",
    "reportedCurrency": "USD",
    "cik": "0001613103",
    "fillingDate": "2025-02-25",
    "acceptedDate": "2025-02-25 16:17:28",
    "calendarYear": "2025",
    "period": "Q3",
    "revenue": 8292000000,
    "costOfRevenue": 2779000000,
    "grossProfit": 5513000000,
    "grossProfitRatio": 0.6648576942,
    "researchAndDevelopmentExpenses": 675000000,
    "generalAndAdministrativeExpenses": 0,
    "sellingAndMarketingExpenses": 0,
    "sellingGeneralAndAdministrativeExpenses": 2717000000,
    "otherExpenses": 475000000,
    "operatingExpenses": 3867000000,
    "costAndExpenses": 6646000000,
    "interestIncome": 0,
    "interestExpense": 179000000,
    "depreciationAndAmortization": 684000000,
    "ebitda": 2403000000,
    "ebitdaratio": 0.2897973951,
    "operatingIncome": 1646000000,
    "operatingIncomeRatio": 0.1985045827,
    "totalOtherIncomeExpensesNet": -106000000,
    "incomeBeforeTax": 1540000000,
    "incomeBeforeTaxRatio": 0.185721177,
    "incomeTaxExpense": 237000000,
    "netIncome": 1294000000,
    "netIncomeRatio": 0.156054028,
    "eps": 1.01,
    "epsdiluted": 1.01,
    "weightedAverageShsOut": 1282400000,
    "weightedAverageShsOutDil": 1286200000,
    "link": "https://www.sec.gov/Archives/edgar/data/1613103/000161310325000022/0001613103-25-000022-index.htm",
    "finalLink": "https://www.sec.gov/Archives/edgar/data/1613103/000161310325000022/mdt-20250124.htm"
  },
  {
    "date": "2024-10-25",
    "symbol": "MDT",
    "reportedCurrency": "USD",
    "cik": "0001613103",
    "fillingDate": "2024-11-26",
    "acceptedDate": "2024-11-26 16:16:06",
    "calendarYear": "2025",
    "period": "Q2",
    "revenue": 8403000000,
    "costOfRevenue": 2946000000,
    "grossProfit": 5457000000,
    "grossProfitRatio": 0.6494109247,
    "researchAndDevelopmentExpenses": 697000000,
    "generalAndAdministrativeExpenses": 0,
    "sellingAndMarketingExpenses": 0,
    "sellingGeneralAndAdministrativeExpenses": 2757000000,
    "otherExpenses": 408000000,
    "operatingExpenses": 3862000000,
    "costAndExpenses": 6808000000,
    "interestIncome": 0,
    "interestExpense": 209000000,
    "depreciationAndAmortization": 675000000,
    "ebitda": 2443000000,
    "ebitdaratio": 0.2907295014,
    "operatingIncome": 1595000000,
    "operatingIncomeRatio": 0.189813162,
    "totalOtherIncomeExpensesNet": -36000000,
    "incomeBeforeTax": 1559000000,
    "incomeBeforeTaxRatio": 0.1855289777,
    "incomeTaxExpense": 281000000,
    "netIncome": 1270000000,
    "netIncomeRatio": 0.1511364989,
    "eps": 0.99,
    "epsdiluted": 0.99,
    "weightedAverageShsOut": 1282400000,
    "weightedAverageShsOutDil": 1286900000,
    "link": "https://www.sec.gov/Archives/edgar/data/1613103/000161310324000165/0001613103-24-000165-index.htm",
    "finalLink": "https://www.sec.gov/Archives/edgar/data/1613103/000161310324000165/mdt-20241025.htm"
  },
  {
    "date": "2024-07-26",
    "symbol": "MDT",
    "reportedCurrency": "USD",
    "cik": "0001613103",
    "fillingDate": "2024-08-27",
    "acceptedDate": "2024-08-27 16:18:26",
    "calendarYear": "2025",
    "period": "Q1",
    "revenue": 7915000000,
    "costOfRevenue": 3203000000,
    "grossProfit": 4712000000,
    "grossProfitRatio": 0.5953253316,
    "researchAndDevelopmentExpenses": 676000000,
    "generalAndAdministrativeExpenses": 0,
    "sellingAndMarketingExpenses": 0,
    "sellingGeneralAndAdministrativeExpenses": 2626000000,
    "otherExpenses": 583000000,
    "operatingExpenses": 3885000000,
    "costAndExpenses": 6637000000,
    "interestIncome": 0,
    "interestExpense": 167000000,
    "depreciationAndAmortization": 662000000,
    "ebitda": 2048000000,
    "ebitdaratio": 0.2587492104,
    "operatingIncome": 1278000000,
    "operatingIncomeRatio": 0.1614655717,
    "totalOtherIncomeExpensesNet": -10000000,
    "incomeBeforeTax": 1268000000,
    "incomeBeforeTaxRatio": 0.1602021478,
    "incomeTaxExpense": 220000000,
    "netIncome": 1042000000,
    "netIncomeRatio": 0.1316487682,
    "eps": 0.81,
    "epsdiluted": 0.8,
    "weightedAverageShsOut": 1293300000,
    "weightedAverageShsOutDil": 1296500000,
    "link": "https://www.sec.gov/Archives/edgar/data/1613103/000161310324000147/0001613103-24-000147-index.htm",
    "finalLink": "https://www.sec.gov/Archives/edgar/data/1613103/000161310324000147/mdt-20240726.htm"
  },
  {
    "date": "2024-04-26",
    "symbol": "MDT",
    "reportedCurrency": "USD",
    "cik": "0001613103",
    "fillingDate": "2024-06-20",
    "acceptedDate": "2024-06-20 16:16:51",
    "calendarYear": "2024",
    "period": "Q4",
    "revenue": 8589000000,
    "costOfRevenue": 3392000000,
    "grossProfit": 5197000000,
    "grossProfitRatio": 0.6050762603,
    "researchAndDevelopmentExpenses": 675000000,
    "generalAndAdministrativeExpenses": 0,
    "sellingAndMarketingExpenses": 0,
    "sellingGeneralAndAdministrativeExpenses": 2731000000,
    "otherExpenses": -264000000,
    "operatingExpenses": 3670000000,
    "costAndExpenses": 7062000000,
    "interestIncome": 0,
    "interestExpense": 202000000,
    "depreciationAndAmortization": 654000000,
    "ebitda": 2498000000,
    "ebitdaratio": 0.2908371172,
    "operatingIncome": 1527000000,
    "operatingIncomeRatio": 0.1777855396,
    "totalOtherIncomeExpensesNet": -197000000,
    "incomeBeforeTax": 856000000,
    "incomeBeforeTaxRatio": 0.0996623588,
    "incomeTaxExpense": 196000000,
    "netIncome": 654000000,
    "netIncomeRatio": 0.076143905,
    "eps": 0.49,
    "epsdiluted": 0.49,
    "weightedAverageShsOut": 1322300000,
    "weightedAverageShsOutDil": 1325400000,
    "link": "https://www.sec.gov/Archives/edgar/data/1613103/000161310324000072/0001613103-24-000072-index.htm",
    "finalLink": "https://www.sec.gov/Archives/edgar/data/1613103/000161310324000072/mdt-20240426.htm"
  },
  {
    "date": "2024-01-26",
    "symbol": "MDT",
    "reportedCurrency": "USD",
    "cik": "0001613103",
    "fillingDate": "2024-02-27",
    "acceptedDate": "2024-02-27 16:16:45",
    "calendarYear": "2024",
    "period": "Q3",
    "revenue": 8089000000,
    "costOfRevenue": 2782000000,
    "grossProfit": 5307000000,
    "grossProfitRatio": 0.6560761528,
    "researchAndDevelopmentExpenses": 695000000,
    "generalAndAdministrativeExpenses": 0,
    "sellingAndMarketingExpenses": 0,
    "sellingGeneralAndAdministrativeExpenses": 2673000000,
    "otherExpenses": -88000000,
    "operatingExpenses": 3368000000,
    "costAndExpenses": 6150000000,
    "interestIncome": 170000000,
    "interestExpense": 188000000,
    "depreciationAndAmortization": 649000000,
    "ebitda": 2200000000,
    "ebitdaratio": 0.2719742861,
    "operatingIncome": 1483000000,
    "operatingIncomeRatio": 0.1833353937,
    "totalOtherIncomeExpensesNet": -11000000,
    "incomeBeforeTax": 1472000000,
    "incomeBeforeTaxRatio": 0.1819755223,
    "incomeTaxExpense": 135000000,
    "netIncome": 1322000000,
    "netIncomeRatio": 0.163431821,
    "eps": 0.99,
    "epsdiluted": 0.99,
    "weightedAverageShsOut": 1329700000,
    "weightedAverageShsOutDil": 1331700000,
    "link": "https://www.sec.gov/Archives/edgar/data/1613103/000161310324000011/0001613103-24-000011-index.htm",
    "finalLink": "https://www.sec.gov/Archives/edgar/data/1613103/000161310324000011/mdt-20240126.htm"
  },
  {
    "date": "2023-10-27",
    "symbol": "MDT",
    "reportedCurrency": "USD",
    "cik": "0001613103",
    "fillingDate": "2023-11-30",
    "acceptedDate": "2023-11-30 16:16:21",
    "calendarYear": "2024",
    "period": "Q2",
    "revenue": 7984000000,
    "costOfRevenue": 2761000000,
    "grossProfit": 5223000000,
    "grossProfitRatio": 0.6541833667,
    "researchAndDevelopmentExpenses": 698000000,
    "generalAndAdministrativeExpenses": 0,
    "sellingAndMarketingExpenses": 0,
    "sellingGeneralAndAdministrativeExpenses": 2686000000,
    "otherExpenses": 154000000,
    "operatingExpenses": 3778000000,
    "costAndExpenses": 6539000000,
    "interestIncome": 148000000,
    "interestExpense": 180000000,
    "depreciationAndAmortization": 672000000,
    "ebitda": 2210000000,
    "ebitdaratio": 0.2768036072,
    "operatingIncome": 1340000000,
    "operatingIncomeRatio": 0.1678356713,
    "totalOtherIncomeExpensesNet": -27000000,
    "incomeBeforeTax": 1313000000,
    "incomeBeforeTaxRatio": 0.1644539078,
    "incomeTaxExpense": 402000000,
    "netIncome": 909000000,
    "netIncomeRatio": 0.1138527054,
    "eps": 0.68,
    "epsdiluted": 0.68,
    "weightedAverageShsOut": 1330200000,
    "weightedAverageShsOutDil": 1331900000,
    "link": "https://www.sec.gov/Archives/edgar/data/1613103/000161310323000149/0001613103-23-000149-index.htm",
    "finalLink": "https://www.sec.gov/Archives/edgar/data/1613103/000161310323000149/mdt-20231027.htm"
  },
  {
    "date": "2023-07-28",
    "symbol": "MDT",
    "reportedCurrency": "USD",
    "cik": "0001613103",
    "fillingDate": "2023-08-31",
    "acceptedDate": "2023-08-31 16:16:07",
    "calendarYear": "2024",
    "period": "Q1",
    "revenue": 7702000000,
    "costOfRevenue": 2628000000,
    "grossProfit": 5074000000,
    "grossProfitRatio": 0.6587899247,
    "researchAndDevelopmentExpenses": 668000000,
    "generalAndAdministrativeExpenses": 0,
    "sellingAndMarketingExpenses": 0,
    "sellingGeneralAndAdministrativeExpenses": 2613000000,
    "otherExpenses": 76000000,
    "operatingExpenses": 3711000000,
    "costAndExpenses": 6339000000,
    "interestIncome": 111000000,
    "interestExpense": 148000000,
    "depreciationAndAmortization": 672000000,
    "ebitda": 2091000000,
    "ebitdaratio": 0.2714879252,
    "operatingIncome": 1268000000,
    "operatingIncomeRatio": 0.164632563,
    "totalOtherIncomeExpensesNet": -72000000,
    "incomeBeforeTax": 1196000000,
    "incomeBeforeTaxRatio": 0.1552843417,
    "incomeTaxExpense": 400000000,
    "netIncome": 791000000,
    "netIncomeRatio": 0.1027005972,
    "eps": 0.59,
    "epsdiluted": 0.59,
    "weightedAverageShsOut": 1330500000,
    "weightedAverageShsOutDil": 1333800000,
    "link": "https://www.sec.gov/Archives/edgar/data/1613103/000161310323000128/0001613103-23-000128-index.htm",
    "finalLink": "https://www.sec.gov/Archives/edgar/data/1613103/000161310323000128/mdt-20230728.htm"
  },
  {
    "date": "2023-04-28",
    "symbol": "MDT",
    "reportedCurrency": "USD",
    "cik": "0001613103",
    "fillingDate": "2023-06-22",
    "acceptedDate": "2023-06-22 16:32:12",
    "calendarYear": "2023",
    "period": "Q4",
    "revenue": 8544000000,
    "costOfRevenue": 2980000000,
    "grossProfit": 5564000000,
    "grossProfitRatio": 0.6512172285,
    "researchAndDevelopmentExpenses": 640000000,
    "generalAndAdministrativeExpenses": 0,
    "sellingAndMarketingExpenses": 0,
    "sellingGeneralAndAdministrativeExpenses": 2616000000,
    "otherExpenses": 479000000,
    "operatingExpenses": 3735000000,
    "costAndExpenses": 6715000000,
    "interestIncome": 6000000,
    "interestExpense": 187000000,
    "depreciationAndAmortization": 679000000,
    "ebitda": 2471000000,
    "ebitdaratio": 0.2892088015,
    "operatingIncome": 1565000000,
    "operatingIncomeRatio": 0.1831694757,
    "totalOtherIncomeExpensesNet": -14000000,
    "incomeBeforeTax": 1551000000,
    "incomeBeforeTaxRatio": 0.1815308989,
    "incomeTaxExpense": 362000000,
    "netIncome": 1179000000,
    "netIncomeRatio": 0.137991573,
    "eps": 0.89,
    "epsdiluted": 0.88,
    "weightedAverageShsOut": 1330400000,
    "weightedAverageShsOutDil": 1332800000,
    "link": "https://www.sec.gov/Archives/edgar/data/1613103/000161310323000040/0001613103-23-000040-index.htm",
    "finalLink": "https://www.sec.gov/Archives/edgar/data/1613103/000161310323000040/mdt-20230428.htm"
  },
  {
    "date": "2023-01-27",
    "symbol": "MDT",
    "reportedCurrency": "USD",
    "cik": "0001613103",
    "fillingDate": "2023-03-01",
    "acceptedDate": "2023-03-01 16:13:18",
    "calendarYear": "2023",
    "period": "Q3",
    "revenue": 7727000000,
    "costOfRevenue": 2689000000,
    "grossProfit": 5038000000,
    "grossProfitRatio": 0.6519994823,
    "researchAndDevelopmentExpenses": 688000000,
    "generalAndAdministrativeExpenses": 0,
    "sellingAndMarketingExpenses": 0,
    "sellingGeneralAndAdministrativeExpenses": 2615000000,
    "otherExpenses": 343000000,
    "operatingExpenses": 3646000000,
    "costAndExpenses": 6335000000,
    "interestIncome": 0,
    "interestExpense": 167000000,
    "depreciationAndAmortization": 679000000,
    "ebitda": 2221000000,
    "ebitdaratio": 0.2874336741,
    "operatingIncome": 1392000000,
    "operatingIncomeRatio": 0.1801475346,
    "totalOtherIncomeExpensesNet": -17000000,
    "incomeBeforeTax": 1375000000,
    "incomeBeforeTaxRatio": 0.177947457,
    "incomeTaxExpense": 146000000,
    "netIncome": 1222000000,
    "netIncomeRatio": 0.1581467581,
    "eps": 0.92,
    "epsdiluted": 0.92,
    "weightedAverageShsOut": 1330200000,
    "weightedAverageShsOutDil": 1332000000,
    "link": "https://www.sec.gov/Archives/edgar/data/1613103/000161310323000008/0001613103-23-000008-index.htm",
    "finalLink": "https://www.sec.gov/Archives/edgar/data/1613103/000161310323000008/mdt-20230127.htm"
  },
  {
    "date": "2022-10-28",
    "symbol": "MDT",
    "reportedCurrency": "USD",
    "cik": "0001613103",
    "fillingDate": "2022-12-01",
    "acceptedDate": "2022-12-01 16:17:57",
    "calendarYear": "2023",
    "period": "Q2",
    "revenue": 7585000000,
    "costOfRevenue": 2535000000,
    "grossProfit": 5050000000,
    "grossProfitRatio": 0.665787739,
    "researchAndDevelopmentExpenses": 676000000,
    "generalAndAdministrativeExpenses": 0,
    "sellingAndMarketingExpenses": 0,
    "sellingGeneralAndAdministrativeExpenses": 2617000000,
    "otherExpenses": 324000000,
    "operatingExpenses": 3617000000,
    "costAndExpenses": 6152000000,
    "interestIncome": 0,
    "interestExpense": 118000000,
    "depreciationAndAmortization": 671000000,
    "ebitda": 2068000000,
    "ebitdaratio": 0.2726433751,
    "operatingIncome": 1404000000,
    "operatingIncomeRatio": 0.1851021753,
    "totalOtherIncomeExpensesNet": -9000000,
    "incomeBeforeTax": 1395000000,
    "incomeBeforeTaxRatio": 0.1839156229,
    "incomeTaxExpense": 959000000,
    "netIncome": 427000000,
    "netIncomeRatio": 0.0562953197,
    "eps": 0.32,
    "epsdiluted": 0.32,
    "weightedAverageShsOut": 1329400000,
    "weightedAverageShsOutDil": 1332000000,
    "link": "https://www.sec.gov/Archives/edgar/data/1613103/000161310322000063/0001613103-22-000063-index.htm",
    "finalLink": "https://www.sec.gov/Archives/edgar/data/1613103/000161310322000063/mdt-20221028.htm"
  },
  {
    "date": "2022-07-29",
    "symbol": "MDT",
    "reportedCurrency": "USD",
    "cik": "0001613103",
    "fillingDate": "2022-09-01",
    "acceptedDate": "2022-09-01 16:12:56",
    "calendarYear": "2023",
    "period": "Q1",
    "revenue": 7371000000,
    "costOfRevenue": 2920000000,
    "grossProfit": 4451000000,
    "grossProfitRatio": 0.6038529372,
    "researchAndDevelopmentExpenses": 692000000,
    "generalAndAdministrativeExpenses": 0,
    "sellingAndMarketingExpenses": 0,
    "sellingGeneralAndAdministrativeExpenses": 2539000000,
    "otherExpenses": -149000000,
    "operatingExpenses": 3380000000,
    "costAndExpenses": 6300000000,
    "interestIncome": 0,
    "interestExpense": 164000000,
    "depreciationAndAmortization": 668000000,
    "ebitda": 1839000000,
    "ebitdaratio": 0.2494912495,
    "operatingIncome": 1071000000,
    "operatingIncomeRatio": 0.1452991453,
    "totalOtherIncomeExpensesNet": -81000000,
    "incomeBeforeTax": 1044000000,
    "incomeBeforeTaxRatio": 0.1416361416,
    "incomeTaxExpense": 112000000,
    "netIncome": 929000000,
    "netIncomeRatio": 0.1260344594,
    "eps": 0.7,
    "epsdiluted": 0.7,
    "weightedAverageShsOut": 1329400000,
    "weightedAverageShsOutDil": 1334500000,
    "link": "https://www.sec.gov/Archives/edgar/data/1613103/000161310322000046/0001613103-22-000046-index.htm",
    "finalLink": "https://www.sec.gov/Archives/edgar/data/1613103/000161310322000046/mdt-20220729.htm"
  },
  {
    "date": "2022-04-29",
    "symbol": "MDT",
    "reportedCurrency": "USD",
    "cik": "0001613103",
    "fillingDate": "2022-06-23",
    "acceptedDate": "2022-06-23 16:13:25",
    "calendarYear": "2022",
    "period": "Q4",
    "revenue": 8089000000,
    "costOfRevenue": 3000000000,
    "grossProfit": 5089000000,
    "grossProfitRatio": 0.6291259735,
    "researchAndDevelopmentExpenses": 652000000,
    "generalAndAdministrativeExpenses": 0,
    "sellingAndMarketingExpenses": 0,
    "sellingGeneralAndAdministrativeExpenses": 2525000000,
    "otherExpenses": -201000000,
    "operatingExpenses": 3378000000,
    "costAndExpenses": 6378000000,
    "interestIncome": 0,
    "interestExpense": 143000000,
    "depreciationAndAmortization": 688000000,
    "ebitda": 2525000000,
    "ebitdaratio": 0.3121523056,
    "operatingIncome": 1711000000,
    "operatingIncomeRatio": 0.2115218198,
    "totalOtherIncomeExpensesNet": -69000000,
    "incomeBeforeTax": 1602000000,
    "incomeBeforeTaxRatio": 0.1980467301,
    "incomeTaxExpense": 110000000,
    "netIncome": 1485000000,
    "netIncomeRatio": 0.1835826431,
    "eps": 1.11,
    "epsdiluted": 1.1,
    "weightedAverageShsOut": 1337600000,
    "weightedAverageShsOutDil": 1344900000,
    "link": "https://www.sec.gov/Archives/edgar/data/1613103/000161310322000023/0001613103-22-000023-index.htm",
    "finalLink": "https://www.sec.gov/Archives/edgar/data/1613103/000161310322000023/mdt-20220429.htm"
  },
  {
    "date": "2022-01-28",
    "symbol": "MDT",
    "reportedCurrency": "USD",
    "cik": "0001613103",
    "fillingDate": "2022-03-03",
    "acceptedDate": "2022-03-03 16:27:13",
    "calendarYear": "2022",
    "period": "Q3",
    "revenue": 7763000000,
    "costOfRevenue": 2459000000,
    "grossProfit": 5304000000,
    "grossProfitRatio": 0.6832410151,
    "researchAndDevelopmentExpenses": 668000000,
    "generalAndAdministrativeExpenses": 0,
    "sellingAndMarketingExpenses": 0,
    "sellingGeneralAndAdministrativeExpenses": 2561000000,
    "otherExpenses": 67000000,
    "operatingExpenses": 3598000000,
    "costAndExpenses": 6057000000,
    "interestIncome": 0,
    "interestExpense": 137000000,
    "depreciationAndAmortization": 672000000,
    "ebitda": 2313000000,
    "ebitdaratio": 0.2979518227,
    "operatingIncome": 1659000000,
    "operatingIncomeRatio": 0.2137060415,
    "totalOtherIncomeExpensesNet": -70000000,
    "incomeBeforeTax": 1589000000,
    "incomeBeforeTaxRatio": 0.2046889089,
    "incomeTaxExpense": 106000000,
    "netIncome": 1480000000,
    "netIncomeRatio": 0.1906479454,
    "eps": 1.1,
    "epsdiluted": 1.1,
    "weightedAverageShsOut": 1343700000,
    "weightedAverageShsOutDil": 1350300000,
    "link": "https://www.sec.gov/Archives/edgar/data/1613103/000161310322000011/0001613103-22-000011-index.htm",
    "finalLink": "https://www.sec.gov/Archives/edgar/data/1613103/000161310322000011/mdt-20220128.htm"
  },
  {
    "date": "2021-10-29",
    "symbol": "MDT",
    "reportedCurrency": "USD",
    "cik": "0001613103",
    "fillingDate": "2021-12-02",
    "acceptedDate": "2021-12-02 16:07:14",
    "calendarYear": "2022",
    "period": "Q2",
    "revenue": 7847000000,
    "costOfRevenue": 2497000000,
    "grossProfit": 5350000000,
    "grossProfitRatio": 0.6817892188,
    "researchAndDevelopmentExpenses": 676000000,
    "generalAndAdministrativeExpenses": 0,
    "sellingAndMarketingExpenses": 0,
    "sellingGeneralAndAdministrativeExpenses": 2615000000,
    "otherExpenses": 66000000,
    "operatingExpenses": 3743000000,
    "costAndExpenses": 6240000000,
    "interestIncome": 0,
    "interestExpense": 136000000,
    "depreciationAndAmortization": 676000000,
    "ebitda": 2326000000,
    "ebitdaratio": 0.2964190136,
    "operatingIncome": 1563000000,
    "operatingIncomeRatio": 0.1991844017,
    "totalOtherIncomeExpensesNet": -70000000,
    "incomeBeforeTax": 1493000000,
    "incomeBeforeTaxRatio": 0.1902637951,
    "incomeTaxExpense": 176000000,
    "netIncome": 1311000000,
    "netIncomeRatio": 0.1670702179,
    "eps": 0.97,
    "epsdiluted": 0.97,
    "weightedAverageShsOut": 1345100000,
    "weightedAverageShsOutDil": 1355300000,
    "link": "https://www.sec.gov/Archives/edgar/data/1613103/000161310321000062/0001613103-21-000062-index.htm",
    "finalLink": "https://www.sec.gov/Archives/edgar/data/1613103/000161310321000062/mdt-20211029.htm"
  },
  {
    "date": "2021-07-30",
    "symbol": "MDT",
    "reportedCurrency": "USD",
    "cik": "0001613103",
    "fillingDate": "2021-09-02",
    "acceptedDate": "2021-09-02 16:08:18",
    "calendarYear": "2022",
    "period": "Q1",
    "revenue": 7987000000,
    "costOfRevenue": 2598000000,
    "grossProfit": 5389000000,
    "grossProfitRatio": 0.6747214223,
    "researchAndDevelopmentExpenses": 750000000,
    "generalAndAdministrativeExpenses": 0,
    "sellingAndMarketingExpenses": 0,
    "sellingGeneralAndAdministrativeExpenses": 2547000000,
    "otherExpenses": 111000000,
    "operatingExpenses": 4493000000,
    "costAndExpenses": 7091000000,
    "interestIncome": 0,
    "interestExpense": 137000000,
    "depreciationAndAmortization": 671000000,
    "ebitda": 2403000000,
    "ebitdaratio": 0.3008639038,
    "operatingIncome": 859000000,
    "operatingIncomeRatio": 0.1075497684,
    "totalOtherIncomeExpensesNet": -26000000,
    "incomeBeforeTax": 833000000,
    "incomeBeforeTaxRatio": 0.1042944785,
    "incomeTaxExpense": 64000000,
    "netIncome": 763000000,
    "netIncomeRatio": 0.0955302366,
    "eps": 0.57,
    "epsdiluted": 0.56,
    "weightedAverageShsOut": 1344500000,
    "weightedAverageShsOutDil": 1356400000,
    "link": "https://www.sec.gov/Archives/edgar/data/1613103/000161310321000042/0001613103-21-000042-index.htm",
    "finalLink": "https://www.sec.gov/Archives/edgar/data/1613103/000161310321000042/mdt-20210730.htm"
  },
  {
    "date": "2021-04-30",
    "symbol": "MDT",
    "reportedCurrency": "USD",
    "cik": "0001613103",
    "fillingDate": "2021-06-25",
    "acceptedDate": "2021-06-25 16:51:46",
    "calendarYear": "2021",
    "period": "Q4",
    "revenue": 8188000000,
    "costOfRevenue": 2652000000,
    "grossProfit": 5536000000,
    "grossProfitRatio": 0.6761113825,
    "researchAndDevelopmentExpenses": 632000000,
    "generalAndAdministrativeExpenses": 0,
    "sellingAndMarketingExpenses": 0,
    "sellingGeneralAndAdministrativeExpenses": 2594000000,
    "otherExpenses": 102000000,
    "operatingExpenses": 3870000000,
    "costAndExpenses": 6522000000,
    "interestIncome": 0,
    "interestExpense": 142000000,
    "depreciationAndAmortization": 684000000,
    "ebitda": 2569000000,
    "ebitdaratio": 0.3137518319,
    "operatingIncome": 1607000000,
    "operatingIncomeRatio": 0.1962628236,
    "totalOtherIncomeExpensesNet": -39000000,
    "incomeBeforeTax": 1567000000,
    "incomeBeforeTaxRatio": 0.1913776258,
    "incomeTaxExpense": 200000000,
    "netIncome": 1361000000,
    "netIncomeRatio": 0.1662188569,
    "eps": 1.01,
    "epsdiluted": 1,
    "weightedAverageShsOut": 1347300000,
    "weightedAverageShsOutDil": 1358400000,
    "link": "https://www.sec.gov/Archives/edgar/data/1613103/000161310321000027/0001613103-21-000027-index.htm",
    "finalLink": "https://www.sec.gov/Archives/edgar/data/1613103/000161310321000027/mdt-20210430.htm"
  },
  {
    "date": "2021-01-29",
    "symbol": "MDT",
    "reportedCurrency": "USD",
    "cik": "0001613103",
    "fillingDate": "2021-03-05",
    "acceptedDate": "2021-03-05 16:56:33",
    "calendarYear": "2021",
    "period": "Q3",
    "revenue": 7775000000,
    "costOfRevenue": 2621000000,
    "grossProfit": 5154000000,
    "grossProfitRatio": 0.6628938907,
    "researchAndDevelopmentExpenses": 601000000,
    "generalAndAdministrativeExpenses": 0,
    "sellingAndMarketingExpenses": 0,
    "sellingGeneralAndAdministrativeExpenses": 2537000000,
    "otherExpenses": 86000000,
    "operatingExpenses": 3673000000,
    "costAndExpenses": 6294000000,
    "interestIncome": 0,
    "interestExpense": 143000000,
    "depreciationAndAmortization": 678000000,
    "ebitda": 2307000000,
    "ebitdaratio": 0.2967202572,
    "operatingIncome": 1277000000,
    "operatingIncomeRatio": 0.164244373,
    "totalOtherIncomeExpensesNet": -57000000,
    "incomeBeforeTax": 1220000000,
    "incomeBeforeTaxRatio": 0.1569131833,
    "incomeTaxExpense": -59000000,
    "netIncome": 1270000000,
    "netIncomeRatio": 0.1633440514,
    "eps": 0.94,
    "epsdiluted": 0.94,
    "weightedAverageShsOut": 1346400000,
    "weightedAverageShsOutDil": 1356000000,
    "link": "https://www.sec.gov/Archives/edgar/data/1613103/000161310321000009/0001613103-21-000009-index.htm",
    "finalLink": "https://www.sec.gov/Archives/edgar/data/1613103/000161310321000009/mdt-20210129.htm"
  },
  {
    "date": "2020-10-30",
    "symbol": "MDT",
    "reportedCurrency": "USD",
    "cik": "0001613103",
    "fillingDate": "2020-12-03",
    "acceptedDate": "2020-12-03 16:15:10",
    "calendarYear": "2021",
    "period": "Q2",
    "revenue": 7647000000,
    "costOfRevenue": 2705000000,
    "grossProfit": 4942000000,
    "grossProfitRatio": 0.6462665097,
    "researchAndDevelopmentExpenses": 639000000,
    "generalAndAdministrativeExpenses": 0,
    "sellingAndMarketingExpenses": 0,
    "sellingGeneralAndAdministrativeExpenses": 2600000000,
    "otherExpenses": 65000000,
    "operatingExpenses": 3831000000,
    "costAndExpenses": 6536000000,
    "interestIncome": 0,
    "interestExpense": 470000000,
    "depreciationAndAmortization": 671000000,
    "ebitda": 1845000000,
    "ebitdaratio": 0.2412710867,
    "operatingIncome": 930000000,
    "operatingIncomeRatio": 0.1216163201,
    "totalOtherIncomeExpensesNet": -405000000,
    "incomeBeforeTax": 525000000,
    "incomeBeforeTaxRatio": 0.0686543743,
    "incomeTaxExpense": 31000000,
    "netIncome": 489000000,
    "netIncomeRatio": 0.0639466457,
    "eps": 0.36,
    "epsdiluted": 0.36,
    "weightedAverageShsOut": 1344400000,
    "weightedAverageShsOutDil": 1352100000,
    "link": "https://www.sec.gov/Archives/edgar/data/1613103/000161310320000051/0001613103-20-000051-index.htm",
    "finalLink": "https://www.sec.gov/Archives/edgar/data/1613103/000161310320000051/mdt-20201030.htm"
  },
  {
    "date": "2020-07-31",
    "symbol": "MDT",
    "reportedCurrency": "USD",
    "cik": "0001613103",
    "fillingDate": "2020-09-03",
    "acceptedDate": "2020-09-03 16:14:45",
    "calendarYear": "2021",
    "period": "Q1",
    "revenue": 6507000000,
    "costOfRevenue": 2505000000,
    "grossProfit": 4002000000,
    "grossProfitRatio": 0.6150299677,
    "researchAndDevelopmentExpenses": 621000000,
    "generalAndAdministrativeExpenses": 0,
    "sellingAndMarketingExpenses": 0,
    "sellingGeneralAndAdministrativeExpenses": 2417000000,
    "otherExpenses": 82000000,
    "operatingExpenses": 3364000000,
    "costAndExpenses": 5869000000,
    "interestIncome": 0,
    "interestExpense": 171000000,
    "depreciationAndAmortization": 669000000,
    "ebitda": 1342000000,
    "ebitdaratio": 0.2062394345,
    "operatingIncome": 673000000,
    "operatingIncomeRatio": 0.1034270785,
    "totalOtherIncomeExpensesNet": -89000000,
    "incomeBeforeTax": 584000000,
    "incomeBeforeTaxRatio": 0.0897495005,
    "incomeTaxExpense": 93000000,
    "netIncome": 487000000,
    "netIncomeRatio": 0.0748424773,
    "eps": 0.36,
    "epsdiluted": 0.36,
    "weightedAverageShsOut": 1341900000,
    "weightedAverageShsOutDil": 1350000000,
    "link": "https://www.sec.gov/Archives/edgar/data/1613103/000161310320000033/0001613103-20-000033-index.htm",
    "finalLink": "https://www.sec.gov/Archives/edgar/data/1613103/000161310320000033/mdt-20200731.htm"
  },
  {
    "date": "2020-04-24",
    "symbol": "MDT",
    "reportedCurrency": "USD",
    "cik": "0001613103",
    "fillingDate": "2020-06-19",
    "acceptedDate": "2020-06-19 16:28:08",
    "calendarYear": "2020",
    "period": "Q4",
    "revenue": 5998000000,
    "costOfRevenue": 2264000000,
    "grossProfit": 3734000000,
    "grossProfitRatio": 0.6225408469,
    "researchAndDevelopmentExpenses": 567000000,
    "generalAndAdministrativeExpenses": 0,
    "sellingAndMarketingExpenses": 0,
    "sellingGeneralAndAdministrativeExpenses": 2360000000,
    "otherExpenses": 51000000,
    "operatingExpenses": 3349000000,
    "costAndExpenses": 5613000000,
    "interestIncome": 0,
    "interestExpense": 162000000,
    "depreciationAndAmortization": 672000000,
    "ebitda": 1009000000,
    "ebitdaratio": 0.1682227409,
    "operatingIncome": 317000000,
    "operatingIncomeRatio": 0.0528509503,
    "totalOtherIncomeExpensesNet": -111000000,
    "incomeBeforeTax": 206000000,
    "incomeBeforeTaxRatio": 0.0343447816,
    "incomeTaxExpense": -434000000,
    "netIncome": 646000000,
    "netIncomeRatio": 0.1077025675,
    "eps": 0.48,
    "epsdiluted": 0.48,
    "weightedAverageShsOut": 1340600000,
    "weightedAverageShsOutDil": 1349500000,
    "link": "https://www.sec.gov/Archives/edgar/data/1613103/000161310320000021/0001613103-20-000021-index.htm",
    "finalLink": "https://www.sec.gov/Archives/edgar/data/1613103/000161310320000021/mdt-20200424.htm"
  }
]