[
  {
    "date": "2024-12-29",
    "symbol": "QCOM",
    "reportedCurrency": "USD",
    "cik": "0000804328",
    "fillingDate": "2025-02-05",
    "acceptedDate": "2025-02-05 16:05:57",
    "calendarYear": "2025",
    "period": "Q1",
    "revenue": 11669000000,
    "costOfRevenue": 5161000000,
    "grossProfit": 6508000000,
    "grossProfitRatio": 0.557717028,
    "researchAndDevelopmentExpenses": 2230000000,
    "generalAndAdministrativeExpenses": 0,
    "sellingAndMarketingExpenses": 0,
    "sellingGeneralAndAdministrativeExpenses": 723000000,
    "otherExpenses": 0,
    "operatingExpenses": 2953000000,
    "costAndExpenses": 8114000000,
    "interestIncome": 169000000,
    "interestExpense": 163000000,
    "depreciationAndAmortization": 436000000,
    "ebitda": 4234000000,
    "ebitdaratio": 0.3628417174,
    "operatingIncome": 3555000000,
    "operatingIncomeRatio": 0.304653355,
    "totalOtherIncomeExpensesNet": 80000000,
    "incomeBeforeTax": 3635000000,
    "incomeBeforeTaxRatio": 0.3115091267,
    "incomeTaxExpense": 455000000,
    "netIncome": 3180000000,
    "netIncomeRatio": 0.2725169252,
    "eps": 2.86,
    "epsdiluted": 2.83,
    "weightedAverageShsOut": 1110000000,
    "weightedAverageShsOutDil": 1122000000,
    "link": "https://www.sec.gov/Archives/edgar/data/804328/000080432825000011/0000804328-25-000011-index.htm",
    "finalLink": "https://www.sec.gov/Archives/edgar/data/804328/000080432825000011/qcom-20241229.htm"
  },
  {
    "date": "2024-09-29",
    "symbol": "QCOM",
    "reportedCurrency": "USD",
    "cik": "0000804328",
    "fillingDate": "2024-11-06",
    "acceptedDate": "2024-11-06 16:09:04",
    "calendarYear": "2024",
    "period": "Q4",
    "revenue": 10244000000,
    "costOfRevenue": 4467000000,
    "grossProfit": 5777000000,
    "grossProfitRatio": 0.5639398672,
    "researchAndDevelopmentExpenses": 2302000000,
    "generalAndAdministrativeExpenses": 0,
    "sellingAndMarketingExpenses": 0,
    "sellingGeneralAndAdministrativeExpenses": 761000000,
    "otherExpenses": 132000000,
    "operatingExpenses": 3195000000,
    "costAndExpenses": 7662000000,
    "interestIncome": 185000000,
    "interestExpense": 180000000,
    "depreciationAndAmortization": 439000000,
    "ebitda": 3215000000,
    "ebitdaratio": 0.3138422491,
    "operatingIncome": 2582000000,
    "operatingIncomeRatio": 0.2520499805,
    "totalOtherIncomeExpensesNet": 14000000,
    "incomeBeforeTax": 2596000000,
    "incomeBeforeTaxRatio": 0.2534166341,
    "incomeTaxExpense": -319000000,
    "netIncome": 2920000000,
    "netIncomeRatio": 0.2850449043,
    "eps": 2.62,
    "epsdiluted": 2.58,
    "weightedAverageShsOut": 1116000000,
    "weightedAverageShsOutDil": 1130000000,
    "link": "https://www.sec.gov/Archives/edgar/data/804328/000080432824000075/0000804328-24-000075-index.htm",
    "finalLink": "https://www.sec.gov/Archives/edgar/data/804328/000080432824000075/qcom-20240929.htm"
  },
  {
    "date": "2024-06-23",
    "symbol": "QCOM",
    "reportedCurrency": "USD",
    "cik": "0000804328",
    "fillingDate": "2024-07-31",
    "acceptedDate": "2024-07-31 16:02:08",
    "calendarYear": "2024",
    "period": "Q3",
    "revenue": 9393000000,
    "costOfRevenue": 4174000000,
    "grossProfit": 5219000000,
    "grossProfitRatio": 0.5556265304,
    "researchAndDevelopmentExpenses": 2259000000,
    "generalAndAdministrativeExpenses": 0,
    "sellingAndMarketingExpenses": 0,
    "sellingGeneralAndAdministrativeExpenses": 664000000,
    "otherExpenses": 31000000,
    "operatingExpenses": 2923000000,
    "costAndExpenses": 7097000000,
    "interestIncome": 182000000,
    "interestExpense": 168000000,
    "depreciationAndAmortization": 419000000,
    "ebitda": 2715000000,
    "ebitdaratio": 0.2890450335,
    "operatingIncome": 2296000000,
    "operatingIncomeRatio": 0.244437347,
    "totalOtherIncomeExpensesNet": 58000000,
    "incomeBeforeTax": 2279000000,
    "incomeBeforeTaxRatio": 0.2426274886,
    "incomeTaxExpense": 171000000,
    "netIncome": 2129000000,
    "netIncomeRatio": 0.2266581497,
    "eps": 1.91,
    "epsdiluted": 1.88,
    "weightedAverageShsOut": 1116000000,
    "weightedAverageShsOutDil": 1134000000,
    "link": "https://www.sec.gov/Archives/edgar/data/804328/000080432824000056/0000804328-24-000056-index.htm",
    "finalLink": "https://www.sec.gov/Archives/edgar/data/804328/000080432824000056/qcom-20240623.htm"
  },
  {
    "date": "2024-03-24",
    "symbol": "QCOM",
    "reportedCurrency": "USD",
    "cik": "0000804328",
    "fillingDate": "2024-05-01",
    "acceptedDate": "2024-05-01 16:06:32",
    "calendarYear": "2024",
    "period": "Q2",
    "revenue": 9389000000,
    "costOfRevenue": 4106000000,
    "grossProfit": 5283000000,
    "grossProfitRatio": 0.5626797316,
    "researchAndDevelopmentExpenses": 2236000000,
    "generalAndAdministrativeExpenses": 0,
    "sellingAndMarketingExpenses": 0,
    "sellingGeneralAndAdministrativeExpenses": 707000000,
    "otherExpenses": 62000000,
    "operatingExpenses": 2943000000,
    "costAndExpenses": 7049000000,
    "interestIncome": 160000000,
    "interestExpense": 172000000,
    "depreciationAndAmortization": 411000000,
    "ebitda": 2751000000,
    "ebitdaratio": 0.2930024497,
    "operatingIncome": 2340000000,
    "operatingIncomeRatio": 0.2492278198,
    "totalOtherIncomeExpensesNet": 158000000,
    "incomeBeforeTax": 2498000000,
    "incomeBeforeTaxRatio": 0.266056023,
    "incomeTaxExpense": 223000000,
    "netIncome": 2326000000,
    "netIncomeRatio": 0.2477367132,
    "eps": 2.08,
    "epsdiluted": 2.06,
    "weightedAverageShsOut": 1117000000,
    "weightedAverageShsOutDil": 1130000000,
    "link": "https://www.sec.gov/Archives/edgar/data/804328/000080432824000039/0000804328-24-000039-index.htm",
    "finalLink": "https://www.sec.gov/Archives/edgar/data/804328/000080432824000039/qcom-20240324.htm"
  },
  {
    "date": "2023-12-24",
    "symbol": "QCOM",
    "reportedCurrency": "USD",
    "cik": "0000804328",
    "fillingDate": "2024-01-31",
    "acceptedDate": "2024-01-31 16:10:22",
    "calendarYear": "2024",
    "period": "Q1",
    "revenue": 9935000000,
    "costOfRevenue": 4312000000,
    "grossProfit": 5623000000,
    "grossProfitRatio": 0.5659788626,
    "researchAndDevelopmentExpenses": 2096000000,
    "generalAndAdministrativeExpenses": 0,
    "sellingAndMarketingExpenses": 0,
    "sellingGeneralAndAdministrativeExpenses": 627000000,
    "otherExpenses": 66000000,
    "operatingExpenses": 2695000000,
    "costAndExpenses": 7007000000,
    "interestIncome": 149000000,
    "interestExpense": 178000000,
    "depreciationAndAmortization": 437000000,
    "ebitda": 3337000000,
    "ebitdaratio": 0.3358832411,
    "operatingIncome": 2928000000,
    "operatingIncomeRatio": 0.2947156517,
    "totalOtherIncomeExpensesNet": 34000000,
    "incomeBeforeTax": 2962000000,
    "incomeBeforeTaxRatio": 0.2981378963,
    "incomeTaxExpense": 151000000,
    "netIncome": 2767000000,
    "netIncomeRatio": 0.2785103171,
    "eps": 2.48,
    "epsdiluted": 2.46,
    "weightedAverageShsOut": 1116000000,
    "weightedAverageShsOutDil": 1127000000,
    "link": "https://www.sec.gov/Archives/edgar/data/804328/000080432824000017/0000804328-24-000017-index.htm",
    "finalLink": "https://www.sec.gov/Archives/edgar/data/804328/000080432824000017/qcom-20231224.htm"
  },
  {
    "date": "2023-09-24",
    "symbol": "QCOM",
    "reportedCurrency": "USD",
    "cik": "0000804328",
    "fillingDate": "2023-11-01",
    "acceptedDate": "2023-11-01 16:10:50",
    "calendarYear": "2023",
    "period": "Q4",
    "revenue": 8631000000,
    "costOfRevenue": 3880000000,
    "grossProfit": 4751000000,
    "grossProfitRatio": 0.5504576526,
    "researchAndDevelopmentExpenses": 2135000000,
    "generalAndAdministrativeExpenses": 0,
    "sellingAndMarketingExpenses": 0,
    "sellingGeneralAndAdministrativeExpenses": 628000000,
    "otherExpenses": 7000000,
    "operatingExpenses": 3340000000,
    "costAndExpenses": 7220000000,
    "interestIncome": 120000000,
    "interestExpense": 174000000,
    "depreciationAndAmortization": 462000000,
    "ebitda": 2449000000,
    "ebitdaratio": 0.2837446414,
    "operatingIncome": 1411000000,
    "operatingIncomeRatio": 0.1634804773,
    "totalOtherIncomeExpensesNet": 10000000,
    "incomeBeforeTax": 1420000000,
    "incomeBeforeTaxRatio": 0.1645232302,
    "incomeTaxExpense": -209000000,
    "netIncome": 1490000000,
    "netIncomeRatio": 0.1726335303,
    "eps": 1.33,
    "epsdiluted": 1.32,
    "weightedAverageShsOut": 1116000000,
    "weightedAverageShsOutDil": 1125000000,
    "link": "https://www.sec.gov/Archives/edgar/data/804328/000080432823000055/0000804328-23-000055-index.htm",
    "finalLink": "https://www.sec.gov/Archives/edgar/data/804328/000080432823000055/qcom-20230924.htm"
  },
  {
    "date": "2023-06-25",
    "symbol": "QCOM",
    "reportedCurrency": "USD",
    "cik": "0000804328",
    "fillingDate": "2023-08-02",
    "acceptedDate": "2023-08-02 16:03:11",
    "calendarYear": "2023",
    "period": "Q3",
    "revenue": 8451000000,
    "costOfRevenue": 3792000000,
    "grossProfit": 4659000000,
    "grossProfitRatio": 0.5512957047,
    "researchAndDevelopmentExpenses": 2222000000,
    "generalAndAdministrativeExpenses": 0,
    "sellingAndMarketingExpenses": 0,
    "sellingGeneralAndAdministrativeExpenses": 618000000,
    "otherExpenses": 52000000,
    "operatingExpenses": 2840000000,
    "costAndExpenses": 6632000000,
    "interestIncome": 79000000,
    "interestExpense": 172000000,
    "depreciationAndAmortization": 479000000,
    "ebitda": 2302000000,
    "ebitdaratio": 0.2723937996,
    "operatingIncome": 1823000000,
    "operatingIncomeRatio": 0.2157141167,
    "totalOtherIncomeExpensesNet": -66000000,
    "incomeBeforeTax": 1757000000,
    "incomeBeforeTaxRatio": 0.20790439,
    "incomeTaxExpense": 22000000,
    "netIncome": 1803000000,
    "netIncomeRatio": 0.2133475328,
    "eps": 1.62,
    "epsdiluted": 1.6,
    "weightedAverageShsOut": 1115000000,
    "weightedAverageShsOutDil": 1124000000,
    "link": "https://www.sec.gov/Archives/edgar/data/804328/000080432823000043/0000804328-23-000043-index.htm",
    "finalLink": "https://www.sec.gov/Archives/edgar/data/804328/000080432823000043/qcom-20230625.htm"
  },
  {
    "date": "2023-03-26",
    "symbol": "QCOM",
    "reportedCurrency": "USD",
    "cik": "0000804328",
    "fillingDate": "2023-05-03",
    "acceptedDate": "2023-05-03 16:06:57",
    "calendarYear": "2023",
    "period": "Q2",
    "revenue": 9275000000,
    "costOfRevenue": 4153000000,
    "grossProfit": 5122000000,
    "grossProfitRatio": 0.5522371968,
    "researchAndDevelopmentExpenses": 2210000000,
    "generalAndAdministrativeExpenses": 0,
    "sellingAndMarketingExpenses": 0,
    "sellingGeneralAndAdministrativeExpenses": 614000000,
    "otherExpenses": 208000000,
    "operatingExpenses": 3032000000,
    "costAndExpenses": 7185000000,
    "interestIncome": 59000000,
    "interestExpense": 179000000,
    "depreciationAndAmortization": 470000000,
    "ebitda": 2544000000,
    "ebitdaratio": 0.2742857143,
    "operatingIncome": 2090000000,
    "operatingIncomeRatio": 0.2253369272,
    "totalOtherIncomeExpensesNet": -195000000,
    "incomeBeforeTax": 1895000000,
    "incomeBeforeTaxRatio": 0.2043126685,
    "incomeTaxExpense": 193000000,
    "netIncome": 1704000000,
    "netIncomeRatio": 0.1837196765,
    "eps": 1.53,
    "epsdiluted": 1.52,
    "weightedAverageShsOut": 1116000000,
    "weightedAverageShsOutDil": 1123000000,
    "link": "https://www.sec.gov/Archives/edgar/data/804328/000080432823000023/0000804328-23-000023-index.htm",
    "finalLink": "https://www.sec.gov/Archives/edgar/data/804328/000080432823000023/qcom-20230326.htm"
  },
  {
    "date": "2022-12-25",
    "symbol": "QCOM",
    "reportedCurrency": "USD",
    "cik": "0000804328",
    "fillingDate": "2023-02-02",
    "acceptedDate": "2023-02-02 16:05:50",
    "calendarYear": "2023",
    "period": "Q1",
    "revenue": 9463000000,
    "costOfRevenue": 4044000000,
    "grossProfit": 5419000000,
    "grossProfitRatio": 0.5726513791,
    "researchAndDevelopmentExpenses": 2251000000,
    "generalAndAdministrativeExpenses": 0,
    "sellingAndMarketingExpenses": 0,
    "sellingGeneralAndAdministrativeExpenses": 623000000,
    "otherExpenses": 80000000,
    "operatingExpenses": 2954000000,
    "costAndExpenses": 6998000000,
    "interestIncome": 55000000,
    "interestExpense": 170000000,
    "depreciationAndAmortization": 398000000,
    "ebitda": 2939000000,
    "ebitdaratio": 0.3105780408,
    "operatingIncome": 2465000000,
    "operatingIncomeRatio": 0.2604882173,
    "totalOtherIncomeExpensesNet": -94000000,
    "incomeBeforeTax": 2371000000,
    "incomeBeforeTaxRatio": 0.2505547923,
    "incomeTaxExpense": 98000000,
    "netIncome": 2235000000,
    "netIncomeRatio": 0.2361830286,
    "eps": 1.99,
    "epsdiluted": 1.98,
    "weightedAverageShsOut": 1122000000,
    "weightedAverageShsOutDil": 1131000000,
    "link": "https://www.sec.gov/Archives/edgar/data/804328/000080432823000006/0000804328-23-000006-index.htm",
    "finalLink": "https://www.sec.gov/Archives/edgar/data/804328/000080432823000006/qcom-20221225.htm"
  },
  {
    "date": "2022-09-25",
    "symbol": "QCOM",
    "reportedCurrency": "USD",
    "cik": "0000804328",
    "fillingDate": "2022-11-02",
    "acceptedDate": "2022-11-02 16:04:10",
    "calendarYear": "2022",
    "period": "Q4",
    "revenue": 11395000000,
    "costOfRevenue": 4868000000,
    "grossProfit": 6527000000,
    "grossProfitRatio": 0.5727950856,
    "researchAndDevelopmentExpenses": 2178000000,
    "generalAndAdministrativeExpenses": 0,
    "sellingAndMarketingExpenses": 0,
    "sellingGeneralAndAdministrativeExpenses": 683000000,
    "otherExpenses": -31000000,
    "operatingExpenses": 1802000000,
    "costAndExpenses": 6670000000,
    "interestIncome": 32000000,
    "interestExpense": 145000000,
    "depreciationAndAmortization": 490000000,
    "ebitda": 4156000000,
    "ebitdaratio": 0.364721369,
    "operatingIncome": 3666000000,
    "operatingIncomeRatio": 0.3217200527,
    "totalOtherIncomeExpensesNet": -196000000,
    "incomeBeforeTax": 3470000000,
    "incomeBeforeTaxRatio": 0.3045195261,
    "incomeTaxExpense": 547000000,
    "netIncome": 2873000000,
    "netIncomeRatio": 0.2521281264,
    "eps": 2.56,
    "epsdiluted": 2.53,
    "weightedAverageShsOut": 1120000000,
    "weightedAverageShsOutDil": 1131000000,
    "link": "https://www.sec.gov/Archives/edgar/data/804328/000080432822000021/0000804328-22-000021-index.htm",
    "finalLink": "https://www.sec.gov/Archives/edgar/data/804328/000080432822000021/qcom-20220925.htm"
  },
  {
    "date": "2022-06-26",
    "symbol": "QCOM",
    "reportedCurrency": "USD",
    "cik": "0000804328",
    "fillingDate": "2022-07-27",
    "acceptedDate": "2022-07-27 16:04:54",
    "calendarYear": "2022",
    "period": "Q3",
    "revenue": 10936000000,
    "costOfRevenue": 4816000000,
    "grossProfit": 6120000000,
    "grossProfitRatio": 0.559619605,
    "researchAndDevelopmentExpenses": 2052000000,
    "generalAndAdministrativeExpenses": 0,
    "sellingAndMarketingExpenses": 0,
    "sellingGeneralAndAdministrativeExpenses": 655000000,
    "otherExpenses": -80000000,
    "operatingExpenses": 2707000000,
    "costAndExpenses": 7523000000,
    "interestIncome": 22000000,
    "interestExpense": 70000000,
    "depreciationAndAmortization": 438000000,
    "ebitda": 3851000000,
    "ebitdaratio": 0.352139722,
    "operatingIncome": 3413000000,
    "operatingIncomeRatio": 0.312088515,
    "totalOtherIncomeExpensesNet": -233000000,
    "incomeBeforeTax": 4239000000,
    "incomeBeforeTaxRatio": 0.3876188734,
    "incomeTaxExpense": 509000000,
    "netIncome": 3730000000,
    "netIncomeRatio": 0.3410753475,
    "eps": 3.32,
    "epsdiluted": 3.29,
    "weightedAverageShsOut": 1122000000,
    "weightedAverageShsOutDil": 1134000000,
    "link": "https://www.sec.gov/Archives/edgar/data/804328/000172894922000040/0001728949-22-000040-index.htm",
    "finalLink": "https://www.sec.gov/Archives/edgar/data/804328/000172894922000040/qcom-20220626.htm"
  },
  {
    "date": "2022-03-27",
    "symbol": "QCOM",
    "reportedCurrency": "USD",
    "cik": "0000804328",
    "fillingDate": "2022-04-27",
    "acceptedDate": "2022-04-27 16:04:14",
    "calendarYear": "2022",
    "period": "Q2",
    "revenue": 11164000000,
    "costOfRevenue": 4648000000,
    "grossProfit": 6516000000,
    "grossProfitRatio": 0.58366177,
    "researchAndDevelopmentExpenses": 2034000000,
    "generalAndAdministrativeExpenses": 0,
    "sellingAndMarketingExpenses": 0,
    "sellingGeneralAndAdministrativeExpenses": 624000000,
    "otherExpenses": -43000000,
    "operatingExpenses": 2658000000,
    "costAndExpenses": 7306000000,
    "interestIncome": 20000000,
    "interestExpense": 137000000,
    "depreciationAndAmortization": 428000000,
    "ebitda": 4286000000,
    "ebitdaratio": 0.3839125761,
    "operatingIncome": 3858000000,
    "operatingIncomeRatio": 0.3455750627,
    "totalOtherIncomeExpensesNet": -435000000,
    "incomeBeforeTax": 3423000000,
    "incomeBeforeTaxRatio": 0.3066105339,
    "incomeTaxExpense": 489000000,
    "netIncome": 2934000000,
    "netIncomeRatio": 0.262809029,
    "eps": 2.61,
    "epsdiluted": 2.57,
    "weightedAverageShsOut": 1125000000,
    "weightedAverageShsOutDil": 1140000000,
    "link": "https://www.sec.gov/Archives/edgar/data/804328/000172894922000026/0001728949-22-000026-index.htm",
    "finalLink": "https://www.sec.gov/Archives/edgar/data/804328/000172894922000026/qcom-20220327.htm"
  },
  {
    "date": "2021-12-26",
    "symbol": "QCOM",
    "reportedCurrency": "USD",
    "cik": "0000804328",
    "fillingDate": "2022-02-02",
    "acceptedDate": "2022-02-02 16:04:52",
    "calendarYear": "2022",
    "period": "Q1",
    "revenue": 10705000000,
    "costOfRevenue": 4303000000,
    "grossProfit": 6402000000,
    "grossProfitRatio": 0.5980382999,
    "researchAndDevelopmentExpenses": 1930000000,
    "generalAndAdministrativeExpenses": 0,
    "sellingAndMarketingExpenses": 0,
    "sellingGeneralAndAdministrativeExpenses": 608000000,
    "otherExpenses": 13000000,
    "operatingExpenses": 2538000000,
    "costAndExpenses": 6841000000,
    "interestIncome": 17000000,
    "interestExpense": 139000000,
    "depreciationAndAmortization": 406000000,
    "ebitda": 4270000000,
    "ebitdaratio": 0.3988790285,
    "operatingIncome": 3864000000,
    "operatingIncomeRatio": 0.3609528258,
    "totalOtherIncomeExpensesNet": 1000000,
    "incomeBeforeTax": 3865000000,
    "incomeBeforeTaxRatio": 0.3610462401,
    "incomeTaxExpense": 466000000,
    "netIncome": 3399000000,
    "netIncomeRatio": 0.3175151798,
    "eps": 3.02,
    "epsdiluted": 2.98,
    "weightedAverageShsOut": 1124000000,
    "weightedAverageShsOutDil": 1142000000,
    "link": "https://www.sec.gov/Archives/edgar/data/804328/000172894922000012/0001728949-22-000012-index.htm",
    "finalLink": "https://www.sec.gov/Archives/edgar/data/804328/000172894922000012/qcom-20211226.htm"
  },
  {
    "date": "2021-09-26",
    "symbol": "QCOM",
    "reportedCurrency": "USD",
    "cik": "0000804328",
    "fillingDate": "2021-11-03",
    "acceptedDate": "2021-11-03 16:06:41",
    "calendarYear": "2021",
    "period": "Q4",
    "revenue": 9336000000,
    "costOfRevenue": 3937000000,
    "grossProfit": 5399000000,
    "grossProfitRatio": 0.5782990574,
    "researchAndDevelopmentExpenses": 1878000000,
    "generalAndAdministrativeExpenses": 0,
    "sellingAndMarketingExpenses": 0,
    "sellingGeneralAndAdministrativeExpenses": 619000000,
    "otherExpenses": 15000000,
    "operatingExpenses": 2497000000,
    "costAndExpenses": 6434000000,
    "interestIncome": 20000000,
    "interestExpense": 138000000,
    "depreciationAndAmortization": 425000000,
    "ebitda": 3327000000,
    "ebitdaratio": 0.3563624679,
    "operatingIncome": 2902000000,
    "operatingIncomeRatio": 0.3108397601,
    "totalOtherIncomeExpensesNet": 383000000,
    "incomeBeforeTax": 3285000000,
    "incomeBeforeTaxRatio": 0.3518637532,
    "incomeTaxExpense": 487000000,
    "netIncome": 2798000000,
    "netIncomeRatio": 0.2997000857,
    "eps": 2.48,
    "epsdiluted": 2.45,
    "weightedAverageShsOut": 1129000000,
    "weightedAverageShsOutDil": 1144000000,
    "link": "https://www.sec.gov/Archives/edgar/data/804328/000172894921000076/0001728949-21-000076-index.htm",
    "finalLink": "https://www.sec.gov/Archives/edgar/data/804328/000172894921000076/qcom-20210926.htm"
  },
  {
    "date": "2021-06-27",
    "symbol": "QCOM",
    "reportedCurrency": "USD",
    "cik": "0000804328",
    "fillingDate": "2021-07-28",
    "acceptedDate": "2021-07-28 16:03:00",
    "calendarYear": "2021",
    "period": "Q3",
    "revenue": 8060000000,
    "costOfRevenue": 3404000000,
    "grossProfit": 4656000000,
    "grossProfitRatio": 0.5776674938,
    "researchAndDevelopmentExpenses": 1864000000,
    "generalAndAdministrativeExpenses": 0,
    "sellingAndMarketingExpenses": 0,
    "sellingGeneralAndAdministrativeExpenses": 597000000,
    "otherExpenses": 38000000,
    "operatingExpenses": 2461000000,
    "costAndExpenses": 5865000000,
    "interestIncome": 21000000,
    "interestExpense": 138000000,
    "depreciationAndAmortization": 406000000,
    "ebitda": 2601000000,
    "ebitdaratio": 0.3227047146,
    "operatingIncome": 2195000000,
    "operatingIncomeRatio": 0.2723325062,
    "totalOtherIncomeExpensesNet": 62000000,
    "incomeBeforeTax": 2257000000,
    "incomeBeforeTaxRatio": 0.2800248139,
    "incomeTaxExpense": 230000000,
    "netIncome": 2027000000,
    "netIncomeRatio": 0.2514888337,
    "eps": 1.8,
    "epsdiluted": 1.77,
    "weightedAverageShsOut": 1129000000,
    "weightedAverageShsOutDil": 1145000000,
    "link": "https://www.sec.gov/Archives/edgar/data/804328/000172894921000066/0001728949-21-000066-index.htm",
    "finalLink": "https://www.sec.gov/Archives/edgar/data/804328/000172894921000066/qcom-20210627.htm"
  },
  {
    "date": "2021-03-28",
    "symbol": "QCOM",
    "reportedCurrency": "USD",
    "cik": "0000804328",
    "fillingDate": "2021-04-28",
    "acceptedDate": "2021-04-28 16:03:03",
    "calendarYear": "2021",
    "period": "Q2",
    "revenue": 7935000000,
    "costOfRevenue": 3432000000,
    "grossProfit": 4503000000,
    "grossProfitRatio": 0.5674858223,
    "researchAndDevelopmentExpenses": 1780000000,
    "generalAndAdministrativeExpenses": 0,
    "sellingAndMarketingExpenses": 0,
    "sellingGeneralAndAdministrativeExpenses": 557000000,
    "otherExpenses": 23000000,
    "operatingExpenses": 2337000000,
    "costAndExpenses": 5769000000,
    "interestIncome": 22000000,
    "interestExpense": 141000000,
    "depreciationAndAmortization": 387000000,
    "ebitda": 2553000000,
    "ebitdaratio": 0.3217391304,
    "operatingIncome": 2166000000,
    "operatingIncomeRatio": 0.2729678639,
    "totalOtherIncomeExpensesNet": -37000000,
    "incomeBeforeTax": 2129000000,
    "incomeBeforeTaxRatio": 0.2683049779,
    "incomeTaxExpense": 367000000,
    "netIncome": 1762000000,
    "netIncomeRatio": 0.2220541903,
    "eps": 1.55,
    "epsdiluted": 1.53,
    "weightedAverageShsOut": 1133000000,
    "weightedAverageShsOutDil": 1151000000,
    "link": "https://www.sec.gov/Archives/edgar/data/804328/000172894921000043/0001728949-21-000043-index.htm",
    "finalLink": "https://www.sec.gov/Archives/edgar/data/804328/000172894921000043/qcom-20210328.htm"
  },
  {
    "date": "2020-12-27",
    "symbol": "QCOM",
    "reportedCurrency": "USD",
    "cik": "0000804328",
    "fillingDate": "2021-02-03",
    "acceptedDate": "2021-02-03 16:04:19",
    "calendarYear": "2021",
    "period": "Q1",
    "revenue": 8235000000,
    "costOfRevenue": 3489000000,
    "grossProfit": 4746000000,
    "grossProfitRatio": 0.5763205829,
    "researchAndDevelopmentExpenses": 1653000000,
    "generalAndAdministrativeExpenses": 0,
    "sellingAndMarketingExpenses": 0,
    "sellingGeneralAndAdministrativeExpenses": 567000000,
    "otherExpenses": 54000000,
    "operatingExpenses": 2220000000,
    "costAndExpenses": 5709000000,
    "interestIncome": 21000000,
    "interestExpense": 141000000,
    "depreciationAndAmortization": 364000000,
    "ebitda": 2890000000,
    "ebitdaratio": 0.350941105,
    "operatingIncome": 2526000000,
    "operatingIncomeRatio": 0.3067395264,
    "totalOtherIncomeExpensesNet": 78000000,
    "incomeBeforeTax": 2604000000,
    "incomeBeforeTaxRatio": 0.3162112933,
    "incomeTaxExpense": 149000000,
    "netIncome": 2455000000,
    "netIncomeRatio": 0.2981177899,
    "eps": 2.16,
    "epsdiluted": 2.12,
    "weightedAverageShsOut": 1134000000,
    "weightedAverageShsOutDil": 1156000000,
    "link": "https://www.sec.gov/Archives/edgar/data/804328/000172894921000022/0001728949-21-000022-index.htm",
    "finalLink": "https://www.sec.gov/Archives/edgar/data/804328/000172894921000022/qcom-20201227.htm"
  },
  {
    "date": "2020-09-27",
    "symbol": "QCOM",
    "reportedCurrency": "USD",
    "cik": "0000804328",
    "fillingDate": "2020-11-04",
    "acceptedDate": "2020-11-04 17:19:44",
    "calendarYear": "2020",
    "period": "Q4",
    "revenue": 8346000000,
    "costOfRevenue": 2766000000,
    "grossProfit": 5580000000,
    "grossProfitRatio": 0.6685837527,
    "researchAndDevelopmentExpenses": 1583000000,
    "generalAndAdministrativeExpenses": 0,
    "sellingAndMarketingExpenses": 0,
    "sellingGeneralAndAdministrativeExpenses": 551000000,
    "otherExpenses": 31000000,
    "operatingExpenses": 2128000000,
    "costAndExpenses": 4894000000,
    "interestIncome": 21000000,
    "interestExpense": 166000000,
    "depreciationAndAmortization": 339000000,
    "ebitda": 3786000000,
    "ebitdaratio": 0.4536304817,
    "operatingIncome": 3452000000,
    "operatingIncomeRatio": 0.4136113108,
    "totalOtherIncomeExpensesNet": -146000000,
    "incomeBeforeTax": 3306000000,
    "incomeBeforeTaxRatio": 0.3961179008,
    "incomeTaxExpense": 346000000,
    "netIncome": 2960000000,
    "netIncomeRatio": 0.3546609154,
    "eps": 2.62,
    "epsdiluted": 2.58,
    "weightedAverageShsOut": 1130000000,
    "weightedAverageShsOutDil": 1148000000,
    "link": "https://www.sec.gov/Archives/edgar/data/804328/000172894920000067/0001728949-20-000067-index.htm",
    "finalLink": "https://www.sec.gov/Archives/edgar/data/804328/000172894920000067/qcom-20200927.htm"
  },
  {
    "date": "2020-06-28",
    "symbol": "QCOM",
    "reportedCurrency": "USD",
    "cik": "0000804328",
    "fillingDate": "2020-07-29",
    "acceptedDate": "2020-07-29 16:17:38",
    "calendarYear": "2020",
    "period": "Q3",
    "revenue": 4893000000,
    "costOfRevenue": 2080000000,
    "grossProfit": 2813000000,
    "grossProfitRatio": 0.5749029225,
    "researchAndDevelopmentExpenses": 1520000000,
    "generalAndAdministrativeExpenses": 0,
    "sellingAndMarketingExpenses": 0,
    "sellingGeneralAndAdministrativeExpenses": 511000000,
    "otherExpenses": 57000000,
    "operatingExpenses": 2031000000,
    "costAndExpenses": 4111000000,
    "interestIncome": 30000000,
    "interestExpense": 143000000,
    "depreciationAndAmortization": 363000000,
    "ebitda": 1145000000,
    "ebitdaratio": 0.2340077662,
    "operatingIncome": 782000000,
    "operatingIncomeRatio": 0.1598201512,
    "totalOtherIncomeExpensesNet": 86000000,
    "incomeBeforeTax": 868000000,
    "incomeBeforeTaxRatio": 0.1773962804,
    "incomeTaxExpense": 23000000,
    "netIncome": 845000000,
    "netIncomeRatio": 0.1726956877,
    "eps": 0.75,
    "epsdiluted": 0.74,
    "weightedAverageShsOut": 1127000000,
    "weightedAverageShsOutDil": 1139000000,
    "link": "https://www.sec.gov/Archives/edgar/data/804328/000172894920000057/0001728949-20-000057-index.htm",
    "finalLink": "https://www.sec.gov/Archives/edgar/data/804328/000172894920000057/qcom-20200628.htm"
  },
  {
    "date": "2020-03-29",
    "symbol": "QCOM",
    "reportedCurrency": "USD",
    "cik": "0000804328",
    "fillingDate": "2020-04-29",
    "acceptedDate": "2020-04-29 16:15:43",
    "calendarYear": "2020",
    "period": "Q2",
    "revenue": 5216000000,
    "costOfRevenue": 2297000000,
    "grossProfit": 2919000000,
    "grossProfitRatio": 0.5596242331,
    "researchAndDevelopmentExpenses": 1468000000,
    "generalAndAdministrativeExpenses": 0,
    "sellingAndMarketingExpenses": 0,
    "sellingGeneralAndAdministrativeExpenses": 483000000,
    "otherExpenses": -72000000,
    "operatingExpenses": 1928000000,
    "costAndExpenses": 4225000000,
    "interestIncome": 47000000,
    "interestExpense": 146000000,
    "depreciationAndAmortization": 340000000,
    "ebitda": 1308000000,
    "ebitdaratio": 0.2507668712,
    "operatingIncome": 991000000,
    "operatingIncomeRatio": 0.1899923313,
    "totalOtherIncomeExpensesNet": -393000000,
    "incomeBeforeTax": 598000000,
    "incomeBeforeTaxRatio": 0.1146472393,
    "incomeTaxExpense": 130000000,
    "netIncome": 468000000,
    "netIncomeRatio": 0.0897239264,
    "eps": 0.41,
    "epsdiluted": 0.41,
    "weightedAverageShsOut": 1139000000,
    "weightedAverageShsOutDil": 1151000000,
    "link": "https://www.sec.gov/Archives/edgar/data/804328/000172894920000031/0001728949-20-000031-index.htm",
    "finalLink": "https://www.sec.gov/Archives/edgar/data/804328/000172894920000031/qcom-20200329.htm"
  }
]