[
  {
    "date": "2024-12-31",
    "symbol": "DHR",
    "reportedCurrency": "USD",
    "cik": "0000313616",
    "fillingDate": "2025-02-20",
    "acceptedDate": "2025-02-20 16:18:06",
    "calendarYear": "2024",
    "period": "Q4",
    "revenue": 6538000000,
    "costOfRevenue": 2648000000,
    "grossProfit": 3890000000,
    "grossProfitRatio": 0.5949831753,
    "researchAndDevelopmentExpenses": 442000000,
    "generalAndAdministrativeExpenses": 0,
    "sellingAndMarketingExpenses": 0,
    "sellingGeneralAndAdministrativeExpenses": 2023000000,
    "otherExpenses": 0,
    "operatingExpenses": 2465000000,
    "costAndExpenses": 5113000000,
    "interestIncome": 14000000,
    "interestExpense": 61000000,
    "depreciationAndAmortization": 0,
    "ebitda": 1425000000,
    "ebitdaratio": 0.2179565616,
    "operatingIncome": 1425000000,
    "operatingIncomeRatio": 0.2179565616,
    "totalOtherIncomeExpensesNet": -110000000,
    "incomeBeforeTax": 1315000000,
    "incomeBeforeTaxRatio": 0.2011318446,
    "incomeTaxExpense": 229000000,
    "netIncome": 1086000000,
    "netIncomeRatio": 0.1661058428,
    "eps": 1.5,
    "epsdiluted": 1.49,
    "weightedAverageShsOut": 728859060,
    "weightedAverageShsOutDil": 728200000,
    "link": "https://www.sec.gov/Archives/edgar/data/313616/000031361625000043/0000313616-25-000043-index.htm",
    "finalLink": "https://www.sec.gov/Archives/edgar/data/313616/000031361625000043/dhr-20241231.htm"
  },
  {
    "date": "2024-09-27",
    "symbol": "DHR",
    "reportedCurrency": "USD",
    "cik": "0000313616",
    "fillingDate": "2024-10-22",
    "acceptedDate": "2024-10-21 17:38:16",
    "calendarYear": "2024",
    "period": "Q3",
    "revenue": 5798000000,
    "costOfRevenue": 2397000000,
    "grossProfit": 3401000000,
    "grossProfitRatio": 0.5865815799,
    "researchAndDevelopmentExpenses": 383000000,
    "generalAndAdministrativeExpenses": 0,
    "sellingAndMarketingExpenses": 0,
    "sellingGeneralAndAdministrativeExpenses": 2060000000,
    "otherExpenses": 0,
    "operatingExpenses": 2443000000,
    "costAndExpenses": 4840000000,
    "interestIncome": 4000000,
    "interestExpense": 87000000,
    "depreciationAndAmortization": 591000000,
    "ebitda": 1655000000,
    "ebitdaratio": 0.2854432563,
    "operatingIncome": 958000000,
    "operatingIncomeRatio": 0.1652293894,
    "totalOtherIncomeExpensesNet": 19000000,
    "incomeBeforeTax": 977000000,
    "incomeBeforeTaxRatio": 0.1685063815,
    "incomeTaxExpense": 159000000,
    "netIncome": 818000000,
    "netIncomeRatio": 0.1410831321,
    "eps": 1.13,
    "epsdiluted": 1.12,
    "weightedAverageShsOut": 723000000,
    "weightedAverageShsOutDil": 729400000,
    "link": "https://www.sec.gov/Archives/edgar/data/313616/000031361624000220/0000313616-24-000220-index.htm",
    "finalLink": "https://www.sec.gov/Archives/edgar/data/313616/000031361624000220/dhr-20240927.htm"
  },
  {
    "date": "2024-06-28",
    "symbol": "DHR",
    "reportedCurrency": "USD",
    "cik": "0000313616",
    "fillingDate": "2024-07-23",
    "acceptedDate": "2024-07-22 17:41:46",
    "calendarYear": "2024",
    "period": "Q2",
    "revenue": 5743000000,
    "costOfRevenue": 2315000000,
    "grossProfit": 3428000000,
    "grossProfitRatio": 0.5969005746,
    "researchAndDevelopmentExpenses": 391000000,
    "generalAndAdministrativeExpenses": 0,
    "sellingAndMarketingExpenses": 0,
    "sellingGeneralAndAdministrativeExpenses": 1869000000,
    "otherExpenses": 0,
    "operatingExpenses": 2260000000,
    "costAndExpenses": 4575000000,
    "interestIncome": 39000000,
    "interestExpense": 65000000,
    "depreciationAndAmortization": 580000000,
    "ebitda": 1748000000,
    "ebitdaratio": 0.304370538,
    "operatingIncome": 1168000000,
    "operatingIncomeRatio": 0.2033780254,
    "totalOtherIncomeExpensesNet": -85000000,
    "incomeBeforeTax": 1083000000,
    "incomeBeforeTaxRatio": 0.1885773986,
    "incomeTaxExpense": 176000000,
    "netIncome": 907000000,
    "netIncomeRatio": 0.1579313947,
    "eps": 1.23,
    "epsdiluted": 1.22,
    "weightedAverageShsOut": 737600000,
    "weightedAverageShsOutDil": 742400000,
    "link": "https://www.sec.gov/Archives/edgar/data/313616/000031361624000186/0000313616-24-000186-index.htm",
    "finalLink": "https://www.sec.gov/Archives/edgar/data/313616/000031361624000186/dhr-20240628.htm"
  },
  {
    "date": "2024-03-29",
    "symbol": "DHR",
    "reportedCurrency": "USD",
    "cik": "0000313616",
    "fillingDate": "2024-04-23",
    "acceptedDate": "2024-04-22 17:53:08",
    "calendarYear": "2024",
    "period": "Q1",
    "revenue": 5796000000,
    "costOfRevenue": 2309000000,
    "grossProfit": 3487000000,
    "grossProfitRatio": 0.6016218081,
    "researchAndDevelopmentExpenses": 368000000,
    "generalAndAdministrativeExpenses": 0,
    "sellingAndMarketingExpenses": 0,
    "sellingGeneralAndAdministrativeExpenses": 1807000000,
    "otherExpenses": 1000000,
    "operatingExpenses": 2175000000,
    "costAndExpenses": 4484000000,
    "interestIncome": 60000000,
    "interestExpense": 65000000,
    "depreciationAndAmortization": 586000000,
    "ebitda": 1924000000,
    "ebitdaratio": 0.3319530711,
    "operatingIncome": 1312000000,
    "operatingIncomeRatio": 0.226363009,
    "totalOtherIncomeExpensesNet": -41000000,
    "incomeBeforeTax": 1271000000,
    "incomeBeforeTaxRatio": 0.2192891649,
    "incomeTaxExpense": 183000000,
    "netIncome": 1088000000,
    "netIncomeRatio": 0.187715666,
    "eps": 1.47,
    "epsdiluted": 1.45,
    "weightedAverageShsOut": 740600000,
    "weightedAverageShsOutDil": 748600000,
    "link": "https://www.sec.gov/Archives/edgar/data/313616/000031361624000102/0000313616-24-000102-index.htm",
    "finalLink": "https://www.sec.gov/Archives/edgar/data/313616/000031361624000102/dhr-20240329.htm"
  },
  {
    "date": "2023-12-31",
    "symbol": "DHR",
    "reportedCurrency": "USD",
    "cik": "0000313616",
    "fillingDate": "2024-02-21",
    "acceptedDate": "2024-02-21 16:38:09",
    "calendarYear": "2023",
    "period": "Q4",
    "revenue": 2693000000,
    "costOfRevenue": 1070000000,
    "grossProfit": 1623000000,
    "grossProfitRatio": 0.6026735982,
    "researchAndDevelopmentExpenses": 239000000,
    "generalAndAdministrativeExpenses": 0,
    "sellingAndMarketingExpenses": 0,
    "sellingGeneralAndAdministrativeExpenses": 766000000,
    "otherExpenses": 1000000,
    "operatingExpenses": 1005000000,
    "costAndExpenses": 2075000000,
    "interestIncome": 117000000,
    "interestExpense": 78000000,
    "depreciationAndAmortization": 493000000,
    "ebitda": 1830000000,
    "ebitdaratio": 0.679539547,
    "operatingIncome": 541000000,
    "operatingIncomeRatio": 0.2008911994,
    "totalOtherIncomeExpensesNet": -84000000,
    "incomeBeforeTax": 457000000,
    "incomeBeforeTaxRatio": 0.1696992202,
    "incomeTaxExpense": -79000000,
    "netIncome": 1079000000,
    "netIncomeRatio": 0.4006683996,
    "eps": 1.46,
    "epsdiluted": 1.45,
    "weightedAverageShsOut": 739800000,
    "weightedAverageShsOutDil": 746100000,
    "link": "https://www.sec.gov/Archives/edgar/data/313616/000031361624000052/0000313616-24-000052-index.htm",
    "finalLink": "https://www.sec.gov/Archives/edgar/data/313616/000031361624000052/dhr-20231231.htm"
  },
  {
    "date": "2023-09-29",
    "symbol": "DHR",
    "reportedCurrency": "USD",
    "cik": "0000313616",
    "fillingDate": "2023-10-24",
    "acceptedDate": "2023-10-23 17:43:27",
    "calendarYear": "2023",
    "period": "Q3",
    "revenue": 6873000000,
    "costOfRevenue": 2873000000,
    "grossProfit": 4000000000,
    "grossProfitRatio": 0.5819874873,
    "researchAndDevelopmentExpenses": 417000000,
    "generalAndAdministrativeExpenses": 0,
    "sellingAndMarketingExpenses": 0,
    "sellingGeneralAndAdministrativeExpenses": 2145000000,
    "otherExpenses": 1000000,
    "operatingExpenses": 2562000000,
    "costAndExpenses": 5435000000,
    "interestIncome": 79000000,
    "interestExpense": 73000000,
    "depreciationAndAmortization": 554000000,
    "ebitda": 2024000000,
    "ebitdaratio": 0.2944856686,
    "operatingIncome": 1438000000,
    "operatingIncomeRatio": 0.2092245017,
    "totalOtherIncomeExpensesNet": -41000000,
    "incomeBeforeTax": 1397000000,
    "incomeBeforeTaxRatio": 0.2032591299,
    "incomeTaxExpense": 268000000,
    "netIncome": 1129000000,
    "netIncomeRatio": 0.1642659683,
    "eps": 1.53,
    "epsdiluted": 1.51,
    "weightedAverageShsOut": 739400000,
    "weightedAverageShsOutDil": 745900000,
    "link": "https://www.sec.gov/Archives/edgar/data/313616/000031361623000256/0000313616-23-000256-index.htm",
    "finalLink": "https://www.sec.gov/Archives/edgar/data/313616/000031361623000256/dhr-20230929.htm"
  },
  {
    "date": "2023-06-30",
    "symbol": "DHR",
    "reportedCurrency": "USD",
    "cik": "0000313616",
    "fillingDate": "2023-07-25",
    "acceptedDate": "2023-07-24 17:46:33",
    "calendarYear": "2023",
    "period": "Q2",
    "revenue": 7157000000,
    "costOfRevenue": 3116000000,
    "grossProfit": 4041000000,
    "grossProfitRatio": 0.5646220483,
    "researchAndDevelopmentExpenses": 418000000,
    "generalAndAdministrativeExpenses": 0,
    "sellingAndMarketingExpenses": 0,
    "sellingGeneralAndAdministrativeExpenses": 2194000000,
    "otherExpenses": -29000000,
    "operatingExpenses": 2612000000,
    "costAndExpenses": 5728000000,
    "interestIncome": 59000000,
    "interestExpense": 67000000,
    "depreciationAndAmortization": 562000000,
    "ebitda": 2021000000,
    "ebitdaratio": 0.2823808858,
    "operatingIncome": 897000000,
    "operatingIncomeRatio": 0.125331843,
    "totalOtherIncomeExpensesNet": 229000000,
    "incomeBeforeTax": 1392000000,
    "incomeBeforeTaxRatio": 0.1944949001,
    "incomeTaxExpense": 286000000,
    "netIncome": 1106000000,
    "netIncomeRatio": 0.1545340226,
    "eps": 1.5,
    "epsdiluted": 1.49,
    "weightedAverageShsOut": 737300000,
    "weightedAverageShsOutDil": 744700000,
    "link": "https://www.sec.gov/Archives/edgar/data/313616/000031361623000214/0000313616-23-000214-index.htm",
    "finalLink": "https://www.sec.gov/Archives/edgar/data/313616/000031361623000214/dhr-20230630.htm"
  },
  {
    "date": "2023-03-31",
    "symbol": "DHR",
    "reportedCurrency": "USD",
    "cik": "0000313616",
    "fillingDate": "2023-04-25",
    "acceptedDate": "2023-04-24 17:55:09",
    "calendarYear": "2023",
    "period": "Q1",
    "revenue": 7167000000,
    "costOfRevenue": 2797000000,
    "grossProfit": 4370000000,
    "grossProfitRatio": 0.6097390819,
    "researchAndDevelopmentExpenses": 429000000,
    "generalAndAdministrativeExpenses": 0,
    "sellingAndMarketingExpenses": 0,
    "sellingGeneralAndAdministrativeExpenses": 2147000000,
    "otherExpenses": 2000000,
    "operatingExpenses": 2576000000,
    "costAndExpenses": 5373000000,
    "interestIncome": 48000000,
    "interestExpense": 68000000,
    "depreciationAndAmortization": 557000000,
    "ebitda": 2423000000,
    "ebitdaratio": 0.3380772987,
    "operatingIncome": 1794000000,
    "operatingIncomeRatio": 0.2503139389,
    "totalOtherIncomeExpensesNet": 4000000,
    "incomeBeforeTax": 1798000000,
    "incomeBeforeTaxRatio": 0.2508720525,
    "incomeTaxExpense": 348000000,
    "netIncome": 1450000000,
    "netIncomeRatio": 0.2023161713,
    "eps": 1.96,
    "epsdiluted": 1.94,
    "weightedAverageShsOut": 729400000,
    "weightedAverageShsOutDil": 737200000,
    "link": "https://www.sec.gov/Archives/edgar/data/313616/000031361623000125/0000313616-23-000125-index.htm",
    "finalLink": "https://www.sec.gov/Archives/edgar/data/313616/000031361623000125/dhr-20230331.htm"
  },
  {
    "date": "2022-12-31",
    "symbol": "DHR",
    "reportedCurrency": "USD",
    "cik": "0000313616",
    "fillingDate": "2023-02-22",
    "acceptedDate": "2023-02-22 16:40:48",
    "calendarYear": "2022",
    "period": "Q4",
    "revenue": 8369000000,
    "costOfRevenue": 3430000000,
    "grossProfit": 4939000000,
    "grossProfitRatio": 0.5901541403,
    "researchAndDevelopmentExpenses": 453000000,
    "generalAndAdministrativeExpenses": 0,
    "sellingAndMarketingExpenses": 0,
    "sellingGeneralAndAdministrativeExpenses": 2190000000,
    "otherExpenses": -68000000,
    "operatingExpenses": 2643000000,
    "costAndExpenses": 6073000000,
    "interestIncome": 29000000,
    "interestExpense": 64000000,
    "depreciationAndAmortization": 565000000,
    "ebitda": 2825000000,
    "ebitdaratio": 0.3375552635,
    "operatingIncome": 1692000000,
    "operatingIncomeRatio": 0.2021746923,
    "totalOtherIncomeExpensesNet": -103000000,
    "incomeBeforeTax": 2193000000,
    "incomeBeforeTaxRatio": 0.2620384753,
    "incomeTaxExpense": -39000000,
    "netIncome": 2232000000,
    "netIncomeRatio": 0.2666985303,
    "eps": 3.03,
    "epsdiluted": 2.96,
    "weightedAverageShsOut": 728900000,
    "weightedAverageShsOutDil": 745700000,
    "link": "https://www.sec.gov/Archives/edgar/data/313616/000031361623000087/0000313616-23-000087-index.htm",
    "finalLink": "https://www.sec.gov/Archives/edgar/data/313616/000031361623000087/dhr-20221231.htm"
  },
  {
    "date": "2022-09-30",
    "symbol": "DHR",
    "reportedCurrency": "USD",
    "cik": "0000313616",
    "fillingDate": "2022-10-20",
    "acceptedDate": "2022-10-19 17:49:34",
    "calendarYear": "2022",
    "period": "Q3",
    "revenue": 7663000000,
    "costOfRevenue": 3079000000,
    "grossProfit": 4584000000,
    "grossProfitRatio": 0.5981991387,
    "researchAndDevelopmentExpenses": 420000000,
    "generalAndAdministrativeExpenses": 0,
    "sellingAndMarketingExpenses": 0,
    "sellingGeneralAndAdministrativeExpenses": 2149000000,
    "otherExpenses": 13000000,
    "operatingExpenses": 2569000000,
    "costAndExpenses": 5648000000,
    "interestIncome": 9000000,
    "interestExpense": 42000000,
    "depreciationAndAmortization": 540000000,
    "ebitda": 2568000000,
    "ebitdaratio": 0.335116795,
    "operatingIncome": 2015000000,
    "operatingIncomeRatio": 0.2629518465,
    "totalOtherIncomeExpensesNet": -84000000,
    "incomeBeforeTax": 1931000000,
    "incomeBeforeTaxRatio": 0.2519900822,
    "incomeTaxExpense": 359000000,
    "netIncome": 1551000000,
    "netIncomeRatio": 0.2024011484,
    "eps": 2.13,
    "epsdiluted": 2.1,
    "weightedAverageShsOut": 728500000,
    "weightedAverageShsOutDil": 737400000,
    "link": "https://www.sec.gov/Archives/edgar/data/313616/000031361622000223/0000313616-22-000223-index.htm",
    "finalLink": "https://www.sec.gov/Archives/edgar/data/313616/000031361622000223/dhr-20220930.htm"
  },
  {
    "date": "2022-07-01",
    "symbol": "DHR",
    "reportedCurrency": "USD",
    "cik": "0000313616",
    "fillingDate": "2022-07-21",
    "acceptedDate": "2022-07-20 17:46:06",
    "calendarYear": "2022",
    "period": "Q2",
    "revenue": 7751000000,
    "costOfRevenue": 3030000000,
    "grossProfit": 4721000000,
    "grossProfitRatio": 0.609082699,
    "researchAndDevelopmentExpenses": 431000000,
    "generalAndAdministrativeExpenses": 0,
    "sellingAndMarketingExpenses": 0,
    "sellingGeneralAndAdministrativeExpenses": 2085000000,
    "otherExpenses": 11000000,
    "operatingExpenses": 2516000000,
    "costAndExpenses": 5546000000,
    "interestIncome": 2000000,
    "interestExpense": 51000000,
    "depreciationAndAmortization": 552000000,
    "ebitda": 2777000000,
    "ebitdaratio": 0.3582763514,
    "operatingIncome": 2205000000,
    "operatingIncomeRatio": 0.284479422,
    "totalOtherIncomeExpensesNet": -136000000,
    "incomeBeforeTax": 2069000000,
    "incomeBeforeTaxRatio": 0.2669332989,
    "incomeTaxExpense": 389000000,
    "netIncome": 1658000000,
    "netIncomeRatio": 0.2139078829,
    "eps": 2.28,
    "epsdiluted": 2.25,
    "weightedAverageShsOut": 726700000,
    "weightedAverageShsOutDil": 736000000,
    "link": "https://www.sec.gov/Archives/edgar/data/313616/000031361622000171/0000313616-22-000171-index.htm",
    "finalLink": "https://www.sec.gov/Archives/edgar/data/313616/000031361622000171/dhr-20220701.htm"
  },
  {
    "date": "2022-04-01",
    "symbol": "DHR",
    "reportedCurrency": "USD",
    "cik": "0000313616",
    "fillingDate": "2022-04-21",
    "acceptedDate": "2022-04-20 17:52:29",
    "calendarYear": "2022",
    "period": "Q1",
    "revenue": 7688000000,
    "costOfRevenue": 2983000000,
    "grossProfit": 4705000000,
    "grossProfitRatio": 0.6119927159,
    "researchAndDevelopmentExpenses": 441000000,
    "generalAndAdministrativeExpenses": 0,
    "sellingAndMarketingExpenses": 0,
    "sellingGeneralAndAdministrativeExpenses": 2092000000,
    "otherExpenses": -20000000,
    "operatingExpenses": 2533000000,
    "costAndExpenses": 5516000000,
    "interestIncome": 1000000,
    "interestExpense": 54000000,
    "depreciationAndAmortization": 565000000,
    "ebitda": 2741000000,
    "ebitdaratio": 0.3565296566,
    "operatingIncome": 1588000000,
    "operatingIncomeRatio": 0.2065556712,
    "totalOtherIncomeExpensesNet": -73000000,
    "incomeBeforeTax": 2099000000,
    "incomeBeforeTaxRatio": 0.2730228928,
    "incomeTaxExpense": 374000000,
    "netIncome": 1684000000,
    "netIncomeRatio": 0.2190426639,
    "eps": 2.35,
    "epsdiluted": 2.28,
    "weightedAverageShsOut": 716300000,
    "weightedAverageShsOutDil": 737700000,
    "link": "https://www.sec.gov/Archives/edgar/data/313616/000031361622000107/0000313616-22-000107-index.htm",
    "finalLink": "https://www.sec.gov/Archives/edgar/data/313616/000031361622000107/dhr-20220401.htm"
  },
  {
    "date": "2021-12-31",
    "symbol": "DHR",
    "reportedCurrency": "USD",
    "cik": "0000313616",
    "fillingDate": "2022-02-23",
    "acceptedDate": "2022-02-23 16:49:10",
    "calendarYear": "2021",
    "period": "Q4",
    "revenue": 8148000000,
    "costOfRevenue": 3205000000,
    "grossProfit": 4943000000,
    "grossProfitRatio": 0.6066519391,
    "researchAndDevelopmentExpenses": 495000000,
    "generalAndAdministrativeExpenses": 0,
    "sellingAndMarketingExpenses": 0,
    "sellingGeneralAndAdministrativeExpenses": 2294000000,
    "otherExpenses": 82000000,
    "operatingExpenses": 2789000000,
    "costAndExpenses": 5994000000,
    "interestIncome": 1000000,
    "interestExpense": 56000000,
    "depreciationAndAmortization": 587000000,
    "ebitda": 2810000000,
    "ebitdaratio": 0.3448699067,
    "operatingIncome": 2154000000,
    "operatingIncomeRatio": 0.264359352,
    "totalOtherIncomeExpensesNet": -69000000,
    "incomeBeforeTax": 2085000000,
    "incomeBeforeTaxRatio": 0.2558910162,
    "incomeTaxExpense": 297000000,
    "netIncome": 1747000000,
    "netIncomeRatio": 0.2144084438,
    "eps": 2.44,
    "epsdiluted": 2.39,
    "weightedAverageShsOut": 715600000,
    "weightedAverageShsOutDil": 738400000,
    "link": "https://www.sec.gov/Archives/edgar/data/313616/000031361622000061/0000313616-22-000061-index.htm",
    "finalLink": "https://www.sec.gov/Archives/edgar/data/313616/000031361622000061/dhr-20211231.htm"
  },
  {
    "date": "2021-10-01",
    "symbol": "DHR",
    "reportedCurrency": "USD",
    "cik": "0000313616",
    "fillingDate": "2021-10-21",
    "acceptedDate": "2021-10-20 17:49:33",
    "calendarYear": "2021",
    "period": "Q3",
    "revenue": 7229000000,
    "costOfRevenue": 2870000000,
    "grossProfit": 4359000000,
    "grossProfitRatio": 0.6029879651,
    "researchAndDevelopmentExpenses": 441000000,
    "generalAndAdministrativeExpenses": 0,
    "sellingAndMarketingExpenses": 0,
    "sellingGeneralAndAdministrativeExpenses": 2062000000,
    "otherExpenses": 137000000,
    "operatingExpenses": 3050000000,
    "costAndExpenses": 5920000000,
    "interestIncome": 3000000,
    "interestExpense": 62000000,
    "depreciationAndAmortization": 554000000,
    "ebitda": 2436000000,
    "ebitdaratio": 0.3369760686,
    "operatingIncome": 1309000000,
    "operatingIncomeRatio": 0.1810762208,
    "totalOtherIncomeExpensesNet": 78000000,
    "incomeBeforeTax": 1387000000,
    "incomeBeforeTaxRatio": 0.1918660949,
    "incomeTaxExpense": 229000000,
    "netIncome": 1117000000,
    "netIncomeRatio": 0.1545165306,
    "eps": 1.56,
    "epsdiluted": 1.54,
    "weightedAverageShsOut": 715100000,
    "weightedAverageShsOutDil": 727000000,
    "link": "https://www.sec.gov/Archives/edgar/data/313616/000031361621000110/0000313616-21-000110-index.htm",
    "finalLink": "https://www.sec.gov/Archives/edgar/data/313616/000031361621000110/dhr-20211001.htm"
  },
  {
    "date": "2021-07-02",
    "symbol": "DHR",
    "reportedCurrency": "USD",
    "cik": "0000313616",
    "fillingDate": "2021-07-22",
    "acceptedDate": "2021-07-21 17:58:55",
    "calendarYear": "2021",
    "period": "Q2",
    "revenue": 7218000000,
    "costOfRevenue": 2821000000,
    "grossProfit": 4397000000,
    "grossProfitRatio": 0.6091715157,
    "researchAndDevelopmentExpenses": 426000000,
    "generalAndAdministrativeExpenses": 0,
    "sellingAndMarketingExpenses": 0,
    "sellingGeneralAndAdministrativeExpenses": 1966000000,
    "otherExpenses": 97000000,
    "operatingExpenses": 2392000000,
    "costAndExpenses": 5213000000,
    "interestIncome": 3000000,
    "interestExpense": 62000000,
    "depreciationAndAmortization": 525000000,
    "ebitda": 2541000000,
    "ebitdaratio": 0.3520365752,
    "operatingIncome": 2005000000,
    "operatingIncomeRatio": 0.2777777778,
    "totalOtherIncomeExpensesNet": 38000000,
    "incomeBeforeTax": 2043000000,
    "incomeBeforeTaxRatio": 0.283042394,
    "incomeTaxExpense": 344000000,
    "netIncome": 1744000000,
    "netIncomeRatio": 0.2416181768,
    "eps": 2.44,
    "epsdiluted": 2.4,
    "weightedAverageShsOut": 714500000,
    "weightedAverageShsOutDil": 736000000,
    "link": "https://www.sec.gov/Archives/edgar/data/313616/000031361621000098/0000313616-21-000098-index.htm",
    "finalLink": "https://www.sec.gov/Archives/edgar/data/313616/000031361621000098/dhr-20210702.htm"
  },
  {
    "date": "2021-04-02",
    "symbol": "DHR",
    "reportedCurrency": "USD",
    "cik": "0000313616",
    "fillingDate": "2021-04-22",
    "acceptedDate": "2021-04-21 18:11:53",
    "calendarYear": "2021",
    "period": "Q1",
    "revenue": 6858000000,
    "costOfRevenue": 2605000000,
    "grossProfit": 4253000000,
    "grossProfitRatio": 0.6201516477,
    "researchAndDevelopmentExpenses": 380000000,
    "generalAndAdministrativeExpenses": 0,
    "sellingAndMarketingExpenses": 0,
    "sellingGeneralAndAdministrativeExpenses": 1876000000,
    "otherExpenses": 140000000,
    "operatingExpenses": 2256000000,
    "costAndExpenses": 4861000000,
    "interestIncome": 4000000,
    "interestExpense": 58000000,
    "depreciationAndAmortization": 502000000,
    "ebitda": 2643000000,
    "ebitdaratio": 0.3853893263,
    "operatingIncome": 1997000000,
    "operatingIncomeRatio": 0.2911927676,
    "totalOtherIncomeExpensesNet": 86000000,
    "incomeBeforeTax": 2083000000,
    "incomeBeforeTaxRatio": 0.3037328667,
    "incomeTaxExpense": 381000000,
    "netIncome": 1661000000,
    "netIncomeRatio": 0.2421988918,
    "eps": 2.33,
    "epsdiluted": 2.29,
    "weightedAverageShsOut": 713200000,
    "weightedAverageShsOutDil": 735100000,
    "link": "https://www.sec.gov/Archives/edgar/data/313616/000031361621000059/0000313616-21-000059-index.htm",
    "finalLink": "https://www.sec.gov/Archives/edgar/data/313616/000031361621000059/dhr-20210402.htm"
  },
  {
    "date": "2020-12-31",
    "symbol": "DHR",
    "reportedCurrency": "USD",
    "cik": "0000313616",
    "fillingDate": "2021-02-25",
    "acceptedDate": "2021-02-24 19:13:25",
    "calendarYear": "2020",
    "period": "Q4",
    "revenue": 6760000000,
    "costOfRevenue": 2806000000,
    "grossProfit": 3954000000,
    "grossProfitRatio": 0.5849112426,
    "researchAndDevelopmentExpenses": 396000000,
    "generalAndAdministrativeExpenses": 0,
    "sellingAndMarketingExpenses": 0,
    "sellingGeneralAndAdministrativeExpenses": 1957000000,
    "otherExpenses": 35000000,
    "operatingExpenses": 2353000000,
    "costAndExpenses": 5159000000,
    "interestIncome": 4000000,
    "interestExpense": 72000000,
    "depreciationAndAmortization": 508600000,
    "ebitda": 2122600000,
    "ebitdaratio": 0.3139940828,
    "operatingIncome": 1601000000,
    "operatingIncomeRatio": 0.2368343195,
    "totalOtherIncomeExpensesNet": -59000000,
    "incomeBeforeTax": 1542000000,
    "incomeBeforeTaxRatio": 0.2281065089,
    "incomeTaxExpense": 301000000,
    "netIncome": 1199400000,
    "netIncomeRatio": 0.1774260355,
    "eps": 1.69,
    "epsdiluted": 1.66,
    "weightedAverageShsOut": 711600000,
    "weightedAverageShsOutDil": 724500000,
    "link": "https://www.sec.gov/Archives/edgar/data/313616/000031361621000045/0000313616-21-000045-index.htm",
    "finalLink": "https://www.sec.gov/Archives/edgar/data/313616/000031361621000045/dhr-20201231.htm"
  },
  {
    "date": "2020-10-02",
    "symbol": "DHR",
    "reportedCurrency": "USD",
    "cik": "0000313616",
    "fillingDate": "2020-10-22",
    "acceptedDate": "2020-10-21 18:15:23",
    "calendarYear": "2020",
    "period": "Q3",
    "revenue": 5883200000,
    "costOfRevenue": 2657700000,
    "grossProfit": 3225500000,
    "grossProfitRatio": 0.5482560511,
    "researchAndDevelopmentExpenses": 342600000,
    "generalAndAdministrativeExpenses": 0,
    "sellingAndMarketingExpenses": 0,
    "sellingGeneralAndAdministrativeExpenses": 1795300000,
    "otherExpenses": 6400000,
    "operatingExpenses": 2137900000,
    "costAndExpenses": 4795600000,
    "interestIncome": 4200000,
    "interestExpense": 76700000,
    "depreciationAndAmortization": 492000000,
    "ebitda": 1818000000,
    "ebitdaratio": 0.3090155018,
    "operatingIncome": 1087600000,
    "operatingIncomeRatio": 0.1848653794,
    "totalOtherIncomeExpensesNet": -66100000,
    "incomeBeforeTax": 1021500000,
    "incomeBeforeTaxRatio": 0.1736299973,
    "incomeTaxExpense": 138000000,
    "netIncome": 842000000,
    "netIncomeRatio": 0.1431193908,
    "eps": 1.18,
    "epsdiluted": 1.16,
    "weightedAverageShsOut": 710900000,
    "weightedAverageShsOutDil": 724300000,
    "link": "https://www.sec.gov/Archives/edgar/data/313616/000031361620000142/0000313616-20-000142-index.htm",
    "finalLink": "https://www.sec.gov/Archives/edgar/data/313616/000031361620000142/dhr-20201002.htm"
  },
  {
    "date": "2020-07-03",
    "symbol": "DHR",
    "reportedCurrency": "USD",
    "cik": "0000313616",
    "fillingDate": "2020-07-23",
    "acceptedDate": "2020-07-22 18:46:47",
    "calendarYear": "2020",
    "period": "Q2",
    "revenue": 5297400000,
    "costOfRevenue": 2444800000,
    "grossProfit": 2852600000,
    "grossProfitRatio": 0.5384905803,
    "researchAndDevelopmentExpenses": 322600000,
    "generalAndAdministrativeExpenses": 0,
    "sellingAndMarketingExpenses": 0,
    "sellingGeneralAndAdministrativeExpenses": 1685400000,
    "otherExpenses": -700000,
    "operatingExpenses": 2008000000,
    "costAndExpenses": 4452800000,
    "interestIncome": 1000000,
    "interestExpense": 78600000,
    "depreciationAndAmortization": 478000000,
    "ebitda": 1322000000,
    "ebitdaratio": 0.2495563862,
    "operatingIncome": 844600000,
    "operatingIncomeRatio": 0.1594367048,
    "totalOtherIncomeExpensesNet": 376300000,
    "incomeBeforeTax": 1220900000,
    "incomeBeforeTaxRatio": 0.2304715521,
    "incomeTaxExpense": 293600000,
    "netIncome": 892000000,
    "netIncomeRatio": 0.1683844905,
    "eps": 1.27,
    "epsdiluted": 1.24,
    "weightedAverageShsOut": 705100000,
    "weightedAverageShsOutDil": 718200000,
    "link": "https://www.sec.gov/Archives/edgar/data/313616/000031361620000120/0000313616-20-000120-index.htm",
    "finalLink": "https://www.sec.gov/Archives/edgar/data/313616/000031361620000120/dhr-202073x10q.htm"
  },
  {
    "date": "2020-04-03",
    "symbol": "DHR",
    "reportedCurrency": "USD",
    "cik": "0000313616",
    "fillingDate": "2020-05-06",
    "acceptedDate": "2020-05-06 17:02:28",
    "calendarYear": "2020",
    "period": "Q1",
    "revenue": 4343100000,
    "costOfRevenue": 1900300000,
    "grossProfit": 2442800000,
    "grossProfitRatio": 0.562455389,
    "researchAndDevelopmentExpenses": 287000000,
    "generalAndAdministrativeExpenses": 0,
    "sellingAndMarketingExpenses": 0,
    "sellingGeneralAndAdministrativeExpenses": 1458300000,
    "otherExpenses": -1500000,
    "operatingExpenses": 1745300000,
    "costAndExpenses": 3645600000,
    "interestIncome": 62500000,
    "interestExpense": 47400000,
    "depreciationAndAmortization": 297000000,
    "ebitda": 1008000000,
    "ebitdaratio": 0.2320922843,
    "operatingIncome": 697500000,
    "operatingIncomeRatio": 0.1605995717,
    "totalOtherIncomeExpensesNet": 13600000,
    "incomeBeforeTax": 711100000,
    "incomeBeforeTaxRatio": 0.1637309756,
    "incomeTaxExpense": 116000000,
    "netIncome": 576000000,
    "netIncomeRatio": 0.1326241625,
    "eps": 0.83,
    "epsdiluted": 0.81,
    "weightedAverageShsOut": 697200000,
    "weightedAverageShsOutDil": 707900000,
    "link": "https://www.sec.gov/Archives/edgar/data/313616/000031361620000093/0000313616-20-000093-index.htm",
    "finalLink": "https://www.sec.gov/Archives/edgar/data/313616/000031361620000093/dhr-202043x10q.htm"
  }
]