[
  {
    "date": "2024-12-31",
    "symbol": "DHR",
    "reportedCurrency": "USD",
    "cik": "0000313616",
    "fillingDate": "2025-02-20",
    "acceptedDate": "2025-02-20 16:18:06",
    "calendarYear": "2024",
    "period": "FY",
    "revenue": 23875000000,
    "costOfRevenue": 9669000000,
    "grossProfit": 14206000000,
    "grossProfitRatio": 0.5950157068,
    "researchAndDevelopmentExpenses": 1584000000,
    "generalAndAdministrativeExpenses": 0,
    "sellingAndMarketingExpenses": 0,
    "sellingGeneralAndAdministrativeExpenses": 7759000000,
    "otherExpenses": 0,
    "operatingExpenses": 9343000000,
    "costAndExpenses": 19012000000,
    "interestIncome": 117000000,
    "interestExpense": 278000000,
    "depreciationAndAmortization": 0,
    "ebitda": 4863000000,
    "ebitdaratio": 0.2036858639,
    "operatingIncome": 4863000000,
    "operatingIncomeRatio": 0.2036858639,
    "totalOtherIncomeExpensesNet": -217000000,
    "incomeBeforeTax": 4646000000,
    "incomeBeforeTaxRatio": 0.1945968586,
    "incomeTaxExpense": 747000000,
    "netIncome": 3899000000,
    "netIncomeRatio": 0.1633089005,
    "eps": 5.33,
    "epsdiluted": 5.29,
    "weightedAverageShsOut": 737051039,
    "weightedAverageShsOutDil": 737200000,
    "link": "https://www.sec.gov/Archives/edgar/data/313616/000031361625000043/0000313616-25-000043-index.htm",
    "finalLink": "https://www.sec.gov/Archives/edgar/data/313616/000031361625000043/dhr-20241231.htm"
  },
  {
    "date": "2023-12-31",
    "symbol": "DHR",
    "reportedCurrency": "USD",
    "cik": "0000313616",
    "fillingDate": "2024-02-21",
    "acceptedDate": "2024-02-21 16:38:09",
    "calendarYear": "2023",
    "period": "FY",
    "revenue": 23890000000,
    "costOfRevenue": 9856000000,
    "grossProfit": 14034000000,
    "grossProfitRatio": 0.5874424445,
    "researchAndDevelopmentExpenses": 1503000000,
    "generalAndAdministrativeExpenses": 0,
    "sellingAndMarketingExpenses": 0,
    "sellingGeneralAndAdministrativeExpenses": 7252000000,
    "otherExpenses": 77000000,
    "operatingExpenses": 8832000000,
    "costAndExpenses": 18688000000,
    "interestIncome": 303000000,
    "interestExpense": 286000000,
    "depreciationAndAmortization": 2166000000,
    "ebitda": 7499000000,
    "ebitdaratio": 0.313897028,
    "operatingIncome": 5202000000,
    "operatingIncomeRatio": 0.2177480117,
    "totalOtherIncomeExpensesNet": -158000000,
    "incomeBeforeTax": 5044000000,
    "incomeBeforeTaxRatio": 0.2111343658,
    "incomeTaxExpense": 823000000,
    "netIncome": 4764000000,
    "netIncomeRatio": 0.1994139807,
    "eps": 6.44,
    "epsdiluted": 6.38,
    "weightedAverageShsOut": 736500000,
    "weightedAverageShsOutDil": 743100000,
    "link": "https://www.sec.gov/Archives/edgar/data/313616/000031361624000052/0000313616-24-000052-index.htm",
    "finalLink": "https://www.sec.gov/Archives/edgar/data/313616/000031361624000052/dhr-20231231.htm"
  },
  {
    "date": "2022-12-31",
    "symbol": "DHR",
    "reportedCurrency": "USD",
    "cik": "0000313616",
    "fillingDate": "2023-02-22",
    "acceptedDate": "2023-02-22 16:40:48",
    "calendarYear": "2022",
    "period": "FY",
    "revenue": 31471000000,
    "costOfRevenue": 12522000000,
    "grossProfit": 18949000000,
    "grossProfitRatio": 0.6021098789,
    "researchAndDevelopmentExpenses": 1745000000,
    "generalAndAdministrativeExpenses": 0,
    "sellingAndMarketingExpenses": 0,
    "sellingGeneralAndAdministrativeExpenses": 8516000000,
    "otherExpenses": -226000000,
    "operatingExpenses": 10261000000,
    "costAndExpenses": 22783000000,
    "interestIncome": 41000000,
    "interestExpense": 211000000,
    "depreciationAndAmortization": 2132000000,
    "ebitda": 9712000000,
    "ebitdaratio": 0.3086015697,
    "operatingIncome": 8688000000,
    "operatingIncomeRatio": 0.2760636777,
    "totalOtherIncomeExpensesNet": -390000000,
    "incomeBeforeTax": 8292000000,
    "incomeBeforeTaxRatio": 0.2634806647,
    "incomeTaxExpense": 1083000000,
    "netIncome": 7209000000,
    "netIncomeRatio": 0.2290680309,
    "eps": 9.8,
    "epsdiluted": 9.64,
    "weightedAverageShsOut": 725100000,
    "weightedAverageShsOutDil": 737100000,
    "link": "https://www.sec.gov/Archives/edgar/data/313616/000031361623000087/0000313616-23-000087-index.htm",
    "finalLink": "https://www.sec.gov/Archives/edgar/data/313616/000031361623000087/dhr-20221231.htm"
  },
  {
    "date": "2021-12-31",
    "symbol": "DHR",
    "reportedCurrency": "USD",
    "cik": "0000313616",
    "fillingDate": "2022-02-23",
    "acceptedDate": "2022-02-23 16:49:10",
    "calendarYear": "2021",
    "period": "FY",
    "revenue": 29453000000,
    "costOfRevenue": 11501000000,
    "grossProfit": 17952000000,
    "grossProfitRatio": 0.6095134621,
    "researchAndDevelopmentExpenses": 1742000000,
    "generalAndAdministrativeExpenses": 0,
    "sellingAndMarketingExpenses": 0,
    "sellingGeneralAndAdministrativeExpenses": 8198000000,
    "otherExpenses": 547000000,
    "operatingExpenses": 10487000000,
    "costAndExpenses": 21988000000,
    "interestIncome": 11000000,
    "interestExpense": 238000000,
    "depreciationAndAmortization": 2168000000,
    "ebitda": 10007000000,
    "ebitdaratio": 0.3397616542,
    "operatingIncome": 7465000000,
    "operatingIncomeRatio": 0.2534546566,
    "totalOtherIncomeExpensesNet": 133000000,
    "incomeBeforeTax": 7598000000,
    "incomeBeforeTaxRatio": 0.2579703256,
    "incomeTaxExpense": 1251000000,
    "netIncome": 6433000000,
    "netIncomeRatio": 0.2184157811,
    "eps": 8.77,
    "epsdiluted": 8.61,
    "weightedAverageShsOut": 714600000,
    "weightedAverageShsOutDil": 736800000,
    "link": "https://www.sec.gov/Archives/edgar/data/313616/000031361622000061/0000313616-22-000061-index.htm",
    "finalLink": "https://www.sec.gov/Archives/edgar/data/313616/000031361622000061/dhr-20211231.htm"
  },
  {
    "date": "2020-12-31",
    "symbol": "DHR",
    "reportedCurrency": "USD",
    "cik": "0000313616",
    "fillingDate": "2021-02-25",
    "acceptedDate": "2021-02-24 19:13:25",
    "calendarYear": "2020",
    "period": "FY",
    "revenue": 22284000000,
    "costOfRevenue": 9809000000,
    "grossProfit": 12475000000,
    "grossProfitRatio": 0.559818704,
    "researchAndDevelopmentExpenses": 1348000000,
    "generalAndAdministrativeExpenses": 0,
    "sellingAndMarketingExpenses": 0,
    "sellingGeneralAndAdministrativeExpenses": 6896000000,
    "otherExpenses": 39000000,
    "operatingExpenses": 8244000000,
    "costAndExpenses": 18053000000,
    "interestIncome": 71000000,
    "interestExpense": 275000000,
    "depreciationAndAmortization": 1775000000,
    "ebitda": 6590000000,
    "ebitdaratio": 0.2957278765,
    "operatingIncome": 4231000000,
    "operatingIncomeRatio": 0.1898671693,
    "totalOtherIncomeExpensesNet": 264000000,
    "incomeBeforeTax": 4495000000,
    "incomeBeforeTaxRatio": 0.2017142344,
    "incomeTaxExpense": 849000000,
    "netIncome": 3646000000,
    "netIncomeRatio": 0.1636151499,
    "eps": 4.97,
    "epsdiluted": 4.89,
    "weightedAverageShsOut": 706200000,
    "weightedAverageShsOutDil": 718700000,
    "link": "https://www.sec.gov/Archives/edgar/data/313616/000031361621000045/0000313616-21-000045-index.htm",
    "finalLink": "https://www.sec.gov/Archives/edgar/data/313616/000031361621000045/dhr-20201231.htm"
  },
  {
    "date": "2019-12-31",
    "symbol": "DHR",
    "reportedCurrency": "USD",
    "cik": "0000313616",
    "fillingDate": "2020-02-21",
    "acceptedDate": "2020-02-21 07:32:05",
    "calendarYear": "2019",
    "period": "FY",
    "revenue": 17911100000,
    "costOfRevenue": 7927400000,
    "grossProfit": 9983700000,
    "grossProfitRatio": 0.5574029512,
    "researchAndDevelopmentExpenses": 1126000000,
    "generalAndAdministrativeExpenses": 0,
    "sellingAndMarketingExpenses": 0,
    "sellingGeneralAndAdministrativeExpenses": 5588300000,
    "otherExpenses": 12000000,
    "operatingExpenses": 6714300000,
    "costAndExpenses": 14641700000,
    "interestIncome": 139000000,
    "interestExpense": 108600000,
    "depreciationAndAmortization": 1189500000,
    "ebitda": 4603400000,
    "ebitdaratio": 0.2570138071,
    "operatingIncome": 3269400000,
    "operatingIncomeRatio": 0.1825348527,
    "totalOtherIncomeExpensesNet": 35900000,
    "incomeBeforeTax": 3305300000,
    "incomeBeforeTaxRatio": 0.1845391964,
    "incomeTaxExpense": 873000000,
    "netIncome": 3008200000,
    "netIncomeRatio": 0.1679517171,
    "eps": 3.48,
    "epsdiluted": 3.43,
    "weightedAverageShsOut": 715000000,
    "weightedAverageShsOutDil": 725500000,
    "link": "https://www.sec.gov/Archives/edgar/data/313616/000031361620000041/0000313616-20-000041-index.htm",
    "finalLink": "https://www.sec.gov/Archives/edgar/data/313616/000031361620000041/dhr-20191231x10xk.htm"
  },
  {
    "date": "2018-12-31",
    "symbol": "DHR",
    "reportedCurrency": "USD",
    "cik": "0000313616",
    "fillingDate": "2019-02-21",
    "acceptedDate": "2019-02-20 19:10:11",
    "calendarYear": "2018",
    "period": "FY",
    "revenue": 19893000000,
    "costOfRevenue": 8785900000,
    "grossProfit": 11107100000,
    "grossProfitRatio": 0.5583421304,
    "researchAndDevelopmentExpenses": 1231200000,
    "generalAndAdministrativeExpenses": 0,
    "sellingAndMarketingExpenses": 0,
    "sellingGeneralAndAdministrativeExpenses": 6472100000,
    "otherExpenses": 37200000,
    "operatingExpenses": 7703300000,
    "costAndExpenses": 16489200000,
    "interestIncome": 9200000,
    "interestExpense": 157400000,
    "depreciationAndAmortization": 1177700000,
    "ebitda": 4276500000,
    "ebitdaratio": 0.2149751169,
    "operatingIncome": 3403800000,
    "operatingIncomeRatio": 0.171105414,
    "totalOtherIncomeExpensesNet": 237800000,
    "incomeBeforeTax": 3292800000,
    "incomeBeforeTaxRatio": 0.1655255618,
    "incomeTaxExpense": 641900000,
    "netIncome": 2650900000,
    "netIncomeRatio": 0.1332579299,
    "eps": 3.78,
    "epsdiluted": 3.73,
    "weightedAverageShsOut": 700600000,
    "weightedAverageShsOutDil": 710200000,
    "link": "https://www.sec.gov/Archives/edgar/data/313616/000031361619000035/0000313616-19-000035-index.htm",
    "finalLink": "https://www.sec.gov/Archives/edgar/data/313616/000031361619000035/dhr-20181231x10xk.htm"
  },
  {
    "date": "2017-12-31",
    "symbol": "DHR",
    "reportedCurrency": "USD",
    "cik": "0000313616",
    "fillingDate": "2018-02-21",
    "acceptedDate": "2018-02-20 18:34:14",
    "calendarYear": "2017",
    "period": "FY",
    "revenue": 18329700000,
    "costOfRevenue": 8137200000,
    "grossProfit": 10192500000,
    "grossProfitRatio": 0.5560647474,
    "researchAndDevelopmentExpenses": 1128800000,
    "generalAndAdministrativeExpenses": 0,
    "sellingAndMarketingExpenses": 0,
    "sellingGeneralAndAdministrativeExpenses": 6042500000,
    "otherExpenses": 72800000,
    "operatingExpenses": 7171300000,
    "costAndExpenses": 15308500000,
    "interestIncome": 7500000,
    "interestExpense": 162700000,
    "depreciationAndAmortization": 1238300000,
    "ebitda": 4339800000,
    "ebitdaratio": 0.2367632858,
    "operatingIncome": 3021200000,
    "operatingIncomeRatio": 0.1648253927,
    "totalOtherIncomeExpensesNet": -82400000,
    "incomeBeforeTax": 2938800000,
    "incomeBeforeTaxRatio": 0.1603299563,
    "incomeTaxExpense": 469000000,
    "netIncome": 2492100000,
    "netIncomeRatio": 0.135959672,
    "eps": 3.58,
    "epsdiluted": 3.53,
    "weightedAverageShsOut": 695800000,
    "weightedAverageShsOutDil": 706100000,
    "link": "https://www.sec.gov/Archives/edgar/data/313616/000031361618000038/0000313616-18-000038-index.htm",
    "finalLink": "https://www.sec.gov/Archives/edgar/data/313616/000031361618000038/dhr-20171231x10xk.htm"
  },
  {
    "date": "2016-12-31",
    "symbol": "DHR",
    "reportedCurrency": "USD",
    "cik": "0000313616",
    "fillingDate": "2017-02-22",
    "acceptedDate": "2017-02-21 18:11:24",
    "calendarYear": "2016",
    "period": "FY",
    "revenue": 16882400000,
    "costOfRevenue": 7547800000,
    "grossProfit": 9334600000,
    "grossProfitRatio": 0.5529190163,
    "researchAndDevelopmentExpenses": 975100000,
    "generalAndAdministrativeExpenses": 0,
    "sellingAndMarketingExpenses": 0,
    "sellingGeneralAndAdministrativeExpenses": 5608600000,
    "otherExpenses": 223400000,
    "operatingExpenses": 6583700000,
    "costAndExpenses": 14131500000,
    "interestIncome": 200000,
    "interestExpense": 184400000,
    "depreciationAndAmortization": 1128100000,
    "ebitda": 4031700000,
    "ebitdaratio": 0.2388108326,
    "operatingIncome": 2750900000,
    "operatingIncomeRatio": 0.162944842,
    "totalOtherIncomeExpensesNet": -123900000,
    "incomeBeforeTax": 2611300000,
    "incomeBeforeTaxRatio": 0.1546758755,
    "incomeTaxExpense": 457900000,
    "netIncome": 2553700000,
    "netIncomeRatio": 0.1512640383,
    "eps": 3.69,
    "epsdiluted": 3.65,
    "weightedAverageShsOut": 691200000,
    "weightedAverageShsOutDil": 699800000,
    "link": "https://www.sec.gov/Archives/edgar/data/313616/000031361617000066/0000313616-17-000066-index.htm",
    "finalLink": "https://www.sec.gov/Archives/edgar/data/313616/000031361617000066/dhr-20161231x10xk.htm"
  },
  {
    "date": "2015-12-31",
    "symbol": "DHR",
    "reportedCurrency": "USD",
    "cik": "0000313616",
    "fillingDate": "2016-02-24",
    "acceptedDate": "2016-02-23 18:11:12",
    "calendarYear": "2015",
    "period": "FY",
    "revenue": 20563100000,
    "costOfRevenue": 9800600000,
    "grossProfit": 10762500000,
    "grossProfitRatio": 0.5233889832,
    "researchAndDevelopmentExpenses": 1239100000,
    "generalAndAdministrativeExpenses": 0,
    "sellingAndMarketingExpenses": 0,
    "sellingGeneralAndAdministrativeExpenses": 6054300000,
    "otherExpenses": 12400000,
    "operatingExpenses": 7293400000,
    "costAndExpenses": 17094000000,
    "interestIncome": 5300000,
    "interestExpense": 162800000,
    "depreciationAndAmortization": 1051300000,
    "ebitda": 3207500000,
    "ebitdaratio": 0.1559832905,
    "operatingIncome": 3469100000,
    "operatingIncomeRatio": 0.1687051077,
    "totalOtherIncomeExpensesNet": -122800000,
    "incomeBeforeTax": 3324000000,
    "incomeBeforeTaxRatio": 0.1616487786,
    "incomeTaxExpense": 725300000,
    "netIncome": 3357400000,
    "netIncomeRatio": 0.1632730474,
    "eps": 4.81,
    "epsdiluted": 4.74,
    "weightedAverageShsOut": 698100000,
    "weightedAverageShsOutDil": 708500000,
    "link": "https://www.sec.gov/Archives/edgar/data/313616/000031361616000145/0000313616-16-000145-index.htm",
    "finalLink": "https://www.sec.gov/Archives/edgar/data/313616/000031361616000145/dhr-20151231x10xk.htm"
  }
]