[
  {
    "date": "2024-12-31",
    "symbol": "WAL",
    "reportedCurrency": "USD",
    "cik": "0001212545",
    "fillingDate": "2025-02-25",
    "acceptedDate": "2025-02-25 16:41:50",
    "calendarYear": "2024",
    "period": "FY",
    "revenue": 3162100000,
    "costOfRevenue": 0,
    "grossProfit": 3162100000,
    "grossProfitRatio": 1,
    "researchAndDevelopmentExpenses": 0,
    "generalAndAdministrativeExpenses": 631100000,
    "sellingAndMarketingExpenses": 32700000,
    "sellingGeneralAndAdministrativeExpenses": 663800000,
    "otherExpenses": 2498300000,
    "operatingExpenses": 3162100000,
    "costAndExpenses": 3162100000,
    "interestIncome": 4541100000,
    "interestExpense": 1922200000,
    "depreciationAndAmortization": 118500000,
    "ebitda": 0,
    "ebitdaratio": 0,
    "operatingIncome": -3031900000,
    "operatingIncomeRatio": -0.9588248316,
    "totalOtherIncomeExpensesNet": 4023100000,
    "incomeBeforeTax": 991200000,
    "incomeBeforeTaxRatio": 0.3134625723,
    "incomeTaxExpense": 203500000,
    "netIncome": 787700000,
    "netIncomeRatio": 0.2491066064,
    "eps": 7.36,
    "epsdiluted": 7.31,
    "weightedAverageShsOut": 108700000,
    "weightedAverageShsOutDil": 109500000,
    "link": "https://www.sec.gov/Archives/edgar/data/1212545/000121254525000090/0001212545-25-000090-index.htm",
    "finalLink": "https://www.sec.gov/Archives/edgar/data/1212545/000121254525000090/wal-20241231.htm"
  },
  {
    "date": "2023-12-31",
    "symbol": "WAL",
    "reportedCurrency": "USD",
    "cik": "0001212545",
    "fillingDate": "2024-02-28",
    "acceptedDate": "2024-02-27 21:42:08",
    "calendarYear": "2023",
    "period": "FY",
    "revenue": 2126300000,
    "costOfRevenue": -430700000,
    "grossProfit": 2557000000,
    "grossProfitRatio": 1.2025584348,
    "researchAndDevelopmentExpenses": 0,
    "generalAndAdministrativeExpenses": 756700000,
    "sellingAndMarketingExpenses": 21800000,
    "sellingGeneralAndAdministrativeExpenses": 778500000,
    "otherExpenses": 414200000,
    "operatingExpenses": 1192700000,
    "costAndExpenses": 1192700000,
    "interestIncome": 3869600000,
    "interestExpense": 1696400000,
    "depreciationAndAmortization": 86500000,
    "ebitda": 1020100000,
    "ebitdaratio": 0.4797535625,
    "operatingIncome": 865200000,
    "operatingIncomeRatio": 0.4069040117,
    "totalOtherIncomeExpensesNet": 68400000,
    "incomeBeforeTax": 933600000,
    "incomeBeforeTaxRatio": 0.4390725674,
    "incomeTaxExpense": 211200000,
    "netIncome": 722400000,
    "netIncomeRatio": 0.3397450971,
    "eps": 6.55,
    "epsdiluted": 6.54,
    "weightedAverageShsOut": 108300000,
    "weightedAverageShsOutDil": 108500000,
    "link": "https://www.sec.gov/Archives/edgar/data/1212545/000121254524000092/0001212545-24-000092-index.htm",
    "finalLink": "https://www.sec.gov/Archives/edgar/data/1212545/000121254524000092/wal-20231231.htm"
  },
  {
    "date": "2022-12-31",
    "symbol": "WAL",
    "reportedCurrency": "USD",
    "cik": "0001212545",
    "fillingDate": "2023-02-23",
    "acceptedDate": "2023-02-23 15:54:24",
    "calendarYear": "2022",
    "period": "FY",
    "revenue": 2297200000,
    "costOfRevenue": 0,
    "grossProfit": 2297200000,
    "grossProfitRatio": 1,
    "researchAndDevelopmentExpenses": 0,
    "generalAndAdministrativeExpenses": 570600000,
    "sellingAndMarketingExpenses": 22100000,
    "sellingGeneralAndAdministrativeExpenses": 592700000,
    "otherExpenses": -470700000,
    "operatingExpenses": 122000000,
    "costAndExpenses": 122000000,
    "interestIncome": 2691800000,
    "interestExpense": 475500000,
    "depreciationAndAmortization": 74600000,
    "ebitda": 1390800000,
    "ebitdaratio": 0.6054327007,
    "operatingIncome": 1812700000,
    "operatingIncomeRatio": 0.7890910674,
    "totalOtherIncomeExpensesNet": -356700000,
    "incomeBeforeTax": 1316100000,
    "incomeBeforeTaxRatio": 0.5729148529,
    "incomeTaxExpense": 258800000,
    "netIncome": 1057300000,
    "netIncomeRatio": 0.4602559638,
    "eps": 9.74,
    "epsdiluted": 9.71,
    "weightedAverageShsOut": 107200000,
    "weightedAverageShsOutDil": 107600000,
    "link": "https://www.sec.gov/Archives/edgar/data/1212545/000121254523000093/0001212545-23-000093-index.htm",
    "finalLink": "https://www.sec.gov/Archives/edgar/data/1212545/000121254523000093/wal-20221231.htm"
  },
  {
    "date": "2021-12-31",
    "symbol": "WAL",
    "reportedCurrency": "USD",
    "cik": "0001212545",
    "fillingDate": "2022-02-25",
    "acceptedDate": "2022-02-25 16:59:40",
    "calendarYear": "2021",
    "period": "FY",
    "revenue": 1843900000,
    "costOfRevenue": 0,
    "grossProfit": 1843900000,
    "grossProfitRatio": 1,
    "researchAndDevelopmentExpenses": 0,
    "generalAndAdministrativeExpenses": 489700000,
    "sellingAndMarketingExpenses": 13500000,
    "sellingGeneralAndAdministrativeExpenses": 503200000,
    "otherExpenses": -1224100000,
    "operatingExpenses": -720900000,
    "costAndExpenses": -720900000,
    "interestIncome": 1658700000,
    "interestExpense": 109900000,
    "depreciationAndAmortization": 62200000,
    "ebitda": 1173000000,
    "ebitdaratio": 0.6361516351,
    "operatingIncome": 1123000000,
    "operatingIncomeRatio": 0.6090351971,
    "totalOtherIncomeExpensesNet": -210600000,
    "incomeBeforeTax": 1123000000,
    "incomeBeforeTaxRatio": 0.6090351971,
    "incomeTaxExpense": 223800000,
    "netIncome": 899200000,
    "netIncomeRatio": 0.4876620207,
    "eps": 8.72,
    "epsdiluted": 8.67,
    "weightedAverageShsOut": 102700000,
    "weightedAverageShsOutDil": 103300000,
    "link": "https://www.sec.gov/Archives/edgar/data/1212545/000121254522000090/0001212545-22-000090-index.htm",
    "finalLink": "https://www.sec.gov/Archives/edgar/data/1212545/000121254522000090/wal-20211231.htm"
  },
  {
    "date": "2020-12-31",
    "symbol": "WAL",
    "reportedCurrency": "USD",
    "cik": "0001212545",
    "fillingDate": "2021-02-25",
    "acceptedDate": "2021-02-25 15:27:01",
    "calendarYear": "2020",
    "period": "FY",
    "revenue": 1198700000,
    "costOfRevenue": 0,
    "grossProfit": 1198700000,
    "grossProfitRatio": 1,
    "researchAndDevelopmentExpenses": 0,
    "generalAndAdministrativeExpenses": 316900000,
    "sellingAndMarketingExpenses": 4100000,
    "sellingGeneralAndAdministrativeExpenses": 321000000,
    "otherExpenses": -897200000,
    "operatingExpenses": -576200000,
    "costAndExpenses": -576200000,
    "interestIncome": 1261800000,
    "interestExpense": 94900000,
    "depreciationAndAmortization": 34600000,
    "ebitda": 657100000,
    "ebitdaratio": 0.548177192,
    "operatingIncome": 622500000,
    "operatingIncomeRatio": 0.5193125886,
    "totalOtherIncomeExpensesNet": -66400000,
    "incomeBeforeTax": 622500000,
    "incomeBeforeTaxRatio": 0.5193125886,
    "incomeTaxExpense": 115900000,
    "netIncome": 506600000,
    "netIncomeRatio": 0.4226245099,
    "eps": 5.06,
    "epsdiluted": 5.04,
    "weightedAverageShsOut": 100200000,
    "weightedAverageShsOutDil": 100500000,
    "link": "https://www.sec.gov/Archives/edgar/data/1212545/000121254521000085/0001212545-21-000085-index.htm",
    "finalLink": "https://www.sec.gov/Archives/edgar/data/1212545/000121254521000085/wal-20201231.htm"
  },
  {
    "date": "2019-12-31",
    "symbol": "WAL",
    "reportedCurrency": "USD",
    "cik": "0001212545",
    "fillingDate": "2020-03-02",
    "acceptedDate": "2020-03-02 16:16:11",
    "calendarYear": "2019",
    "period": "FY",
    "revenue": 1051763000,
    "costOfRevenue": 0,
    "grossProfit": 1051763000,
    "grossProfitRatio": 1,
    "researchAndDevelopmentExpenses": 0,
    "generalAndAdministrativeExpenses": 291198000,
    "sellingAndMarketingExpenses": 4199000,
    "sellingGeneralAndAdministrativeExpenses": 295397000,
    "otherExpenses": -742934000,
    "operatingExpenses": -447537000,
    "costAndExpenses": -447537000,
    "interestIncome": 1225045000,
    "interestExpense": 184633000,
    "depreciationAndAmortization": 28915000,
    "ebitda": 633226000,
    "ebitdaratio": 0.602061491,
    "operatingIncome": 604226000,
    "operatingIncomeRatio": 0.5744887394,
    "totalOtherIncomeExpensesNet": -29000000,
    "incomeBeforeTax": 604226000,
    "incomeBeforeTaxRatio": 0.5744887394,
    "incomeTaxExpense": 105055000,
    "netIncome": 499171000,
    "netIncomeRatio": 0.4746040695,
    "eps": 4.86,
    "epsdiluted": 4.84,
    "weightedAverageShsOut": 102667000,
    "weightedAverageShsOutDil": 103133000,
    "link": "https://www.sec.gov/Archives/edgar/data/1212545/000121254520000104/0001212545-20-000104-index.htm",
    "finalLink": "https://www.sec.gov/Archives/edgar/data/1212545/000121254520000104/wal1231201910-k.htm"
  },
  {
    "date": "2018-12-31",
    "symbol": "WAL",
    "reportedCurrency": "USD",
    "cik": "0001212545",
    "fillingDate": "2019-03-01",
    "acceptedDate": "2019-03-01 13:34:27",
    "calendarYear": "2018",
    "period": "FY",
    "revenue": 922612000,
    "costOfRevenue": 0,
    "grossProfit": 922612000,
    "grossProfitRatio": 1,
    "researchAndDevelopmentExpenses": 0,
    "generalAndAdministrativeExpenses": 267243000,
    "sellingAndMarketingExpenses": 3770000,
    "sellingGeneralAndAdministrativeExpenses": 271013000,
    "otherExpenses": -594369000,
    "operatingExpenses": -294680000,
    "costAndExpenses": -294680000,
    "interestIncome": 1033483000,
    "interestExpense": 117604000,
    "depreciationAndAmortization": 12194000,
    "ebitda": 524628000,
    "ebitdaratio": 0.5686334017,
    "operatingIncome": 627932000,
    "operatingIncomeRatio": 0.6806024634,
    "totalOtherIncomeExpensesNet": -79872000,
    "incomeBeforeTax": 510328000,
    "incomeBeforeTaxRatio": 0.5531339285,
    "incomeTaxExpense": 74540000,
    "netIncome": 435788000,
    "netIncomeRatio": 0.4723415694,
    "eps": 4.16,
    "epsdiluted": 4.13,
    "weightedAverageShsOut": 104700000,
    "weightedAverageShsOutDil": 105400000,
    "link": "https://www.sec.gov/Archives/edgar/data/1212545/000121254519000066/0001212545-19-000066-index.htm",
    "finalLink": "https://www.sec.gov/Archives/edgar/data/1212545/000121254519000066/wal1231201810-k.htm"
  },
  {
    "date": "2017-12-31",
    "symbol": "WAL",
    "reportedCurrency": "USD",
    "cik": "0001212545",
    "fillingDate": "2018-02-26",
    "acceptedDate": "2018-02-26 17:09:43",
    "calendarYear": "2017",
    "period": "FY",
    "revenue": 807831000,
    "costOfRevenue": 0,
    "grossProfit": 807831000,
    "grossProfitRatio": 1,
    "researchAndDevelopmentExpenses": 0,
    "generalAndAdministrativeExpenses": 228386000,
    "sellingAndMarketingExpenses": 3804000,
    "sellingGeneralAndAdministrativeExpenses": 232190000,
    "otherExpenses": -516036000,
    "operatingExpenses": -283846000,
    "costAndExpenses": -283846000,
    "interestIncome": 845513000,
    "interestExpense": 60849000,
    "depreciationAndAmortization": 13393000,
    "ebitda": 465210000,
    "ebitdaratio": 0.5758753997,
    "operatingIncome": 523985000,
    "operatingIncomeRatio": 0.648631954,
    "totalOtherIncomeExpensesNet": -59766000,
    "incomeBeforeTax": 451817000,
    "incomeBeforeTaxRatio": 0.559296437,
    "incomeTaxExpense": 126325000,
    "netIncome": 325492000,
    "netIncomeRatio": 0.402920908,
    "eps": 3.12,
    "epsdiluted": 3.1,
    "weightedAverageShsOut": 104179000,
    "weightedAverageShsOutDil": 104997000,
    "link": "https://www.sec.gov/Archives/edgar/data/1212545/000121254518000091/0001212545-18-000091-index.htm",
    "finalLink": "https://www.sec.gov/Archives/edgar/data/1212545/000121254518000091/wal1231201710-k.htm"
  },
  {
    "date": "2016-12-31",
    "symbol": "WAL",
    "reportedCurrency": "USD",
    "cik": "0001212545",
    "fillingDate": "2017-03-01",
    "acceptedDate": "2017-03-01 17:13:59",
    "calendarYear": "2016",
    "period": "FY",
    "revenue": 694318000,
    "costOfRevenue": 0,
    "grossProfit": 694318000,
    "grossProfitRatio": 1,
    "researchAndDevelopmentExpenses": 0,
    "generalAndAdministrativeExpenses": 201708000,
    "sellingAndMarketingExpenses": 3596000,
    "sellingGeneralAndAdministrativeExpenses": 205304000,
    "otherExpenses": -495150000,
    "operatingExpenses": -289846000,
    "costAndExpenses": -289846000,
    "interestIncome": 700506000,
    "interestExpense": 43293000,
    "depreciationAndAmortization": 11988000,
    "ebitda": 373673000,
    "ebitdaratio": 0.5381871131,
    "operatingIncome": 404472000,
    "operatingIncomeRatio": 0.5825457499,
    "totalOtherIncomeExpensesNet": -61071000,
    "incomeBeforeTax": 361179000,
    "incomeBeforeTaxRatio": 0.5201924766,
    "incomeTaxExpense": 101381000,
    "netIncome": 259798000,
    "netIncomeRatio": 0.3741772502,
    "eps": 2.52,
    "epsdiluted": 2.5,
    "weightedAverageShsOut": 103042000,
    "weightedAverageShsOutDil": 103843000,
    "link": "https://www.sec.gov/Archives/edgar/data/1212545/000121254517000114/0001212545-17-000114-index.htm",
    "finalLink": "https://www.sec.gov/Archives/edgar/data/1212545/000121254517000114/a10-ka.htm"
  },
  {
    "date": "2015-12-31",
    "symbol": "WAL",
    "reportedCurrency": "USD",
    "cik": "0001212545",
    "fillingDate": "2016-02-16",
    "acceptedDate": "2016-02-16 17:27:56",
    "calendarYear": "2015",
    "period": "FY",
    "revenue": 517354000,
    "costOfRevenue": 0,
    "grossProfit": 517354000,
    "grossProfitRatio": 1,
    "researchAndDevelopmentExpenses": 0,
    "generalAndAdministrativeExpenses": 160831000,
    "sellingAndMarketingExpenses": 2885000,
    "sellingGeneralAndAdministrativeExpenses": 163716000,
    "otherExpenses": -389964000,
    "operatingExpenses": -226248000,
    "costAndExpenses": -226248000,
    "interestIncome": 525144000,
    "interestExpense": 32568000,
    "depreciationAndAmortization": 1970000,
    "ebitda": 267003999,
    "ebitdaratio": 0.5160953602,
    "operatingIncome": 291106000,
    "operatingIncomeRatio": 0.5626824186,
    "totalOtherIncomeExpensesNet": -51416000,
    "incomeBeforeTax": 258538000,
    "incomeBeforeTaxRatio": 0.4997313252,
    "incomeTaxExpense": 64294000,
    "netIncome": 194244000,
    "netIncomeRatio": 0.3754566506,
    "eps": 2.05,
    "epsdiluted": 2.03,
    "weightedAverageShsOut": 94570000,
    "weightedAverageShsOutDil": 95219000,
    "link": "https://www.sec.gov/Archives/edgar/data/1212545/000121254516000325/0001212545-16-000325-index.htm",
    "finalLink": "https://www.sec.gov/Archives/edgar/data/1212545/000121254516000325/wal1231201510-k.htm"
  }
]