[
  {
    "date": "2024-12-31",
    "symbol": "WAL",
    "reportedCurrency": "USD",
    "cik": "0001212545",
    "fillingDate": "2025-02-25",
    "acceptedDate": "2025-02-25 16:41:50",
    "calendarYear": "2024",
    "period": "Q4",
    "revenue": 835600000,
    "costOfRevenue": 0,
    "grossProfit": 835600000,
    "grossProfitRatio": 1,
    "researchAndDevelopmentExpenses": 0,
    "generalAndAdministrativeExpenses": 165400000,
    "sellingAndMarketingExpenses": 11100000,
    "sellingGeneralAndAdministrativeExpenses": 176500000,
    "otherExpenses": 659100000,
    "operatingExpenses": 835600000,
    "costAndExpenses": 835600000,
    "interestIncome": 1138600000,
    "interestExpense": 472100000,
    "depreciationAndAmortization": 35900000,
    "ebitda": 0,
    "ebitdaratio": 0,
    "operatingIncome": 0,
    "operatingIncomeRatio": 0,
    "totalOtherIncomeExpensesNet": 259400000,
    "incomeBeforeTax": 259400000,
    "incomeBeforeTaxRatio": 0.3104356151,
    "incomeTaxExpense": 42500000,
    "netIncome": 216900000,
    "netIncomeRatio": 0.2595739588,
    "eps": 1.97,
    "epsdiluted": 1.95,
    "weightedAverageShsOut": 108700000,
    "weightedAverageShsOutDil": 109500000,
    "link": "https://www.sec.gov/Archives/edgar/data/1212545/000121254525000090/0001212545-25-000090-index.htm",
    "finalLink": "https://www.sec.gov/Archives/edgar/data/1212545/000121254525000090/wal-20241231.htm"
  },
  {
    "date": "2024-09-30",
    "symbol": "WAL",
    "reportedCurrency": "USD",
    "cik": "0001212545",
    "fillingDate": "2024-10-31",
    "acceptedDate": "2024-10-31 16:42:39",
    "calendarYear": "2024",
    "period": "Q3",
    "revenue": 596200000,
    "costOfRevenue": -695500000,
    "grossProfit": 1291700000,
    "grossProfitRatio": 2.1665548474,
    "researchAndDevelopmentExpenses": 0,
    "generalAndAdministrativeExpenses": 157800000,
    "sellingAndMarketingExpenses": 9700000,
    "sellingGeneralAndAdministrativeExpenses": 167500000,
    "otherExpenses": 655400000,
    "operatingExpenses": 822900000,
    "costAndExpenses": 822900000,
    "interestIncome": 1140700000,
    "interestExpense": 503100000,
    "depreciationAndAmortization": 28400000,
    "ebitda": 280500000,
    "ebitdaratio": 0.4704797048,
    "operatingIncome": 246300000,
    "operatingIncomeRatio": 0.4131164039,
    "totalOtherIncomeExpensesNet": 5800000,
    "incomeBeforeTax": 252100000,
    "incomeBeforeTaxRatio": 0.422844683,
    "incomeTaxExpense": 52300000,
    "netIncome": 199800000,
    "netIncomeRatio": 0.3351224421,
    "eps": 1.81,
    "epsdiluted": 1.8,
    "weightedAverageShsOut": 108700000,
    "weightedAverageShsOutDil": 109500000,
    "link": "https://www.sec.gov/Archives/edgar/data/1212545/000121254524000293/0001212545-24-000293-index.htm",
    "finalLink": "https://www.sec.gov/Archives/edgar/data/1212545/000121254524000293/wal-20240930.htm"
  },
  {
    "date": "2024-06-30",
    "symbol": "WAL",
    "reportedCurrency": "USD",
    "cik": "0001212545",
    "fillingDate": "2024-08-01",
    "acceptedDate": "2024-08-01 17:28:35",
    "calendarYear": "2024",
    "period": "Q2",
    "revenue": 1258900000,
    "costOfRevenue": 21600000,
    "grossProfit": 1237300000,
    "grossProfitRatio": 0.9828421638,
    "researchAndDevelopmentExpenses": 0,
    "generalAndAdministrativeExpenses": 186800000,
    "sellingAndMarketingExpenses": 6400000,
    "sellingGeneralAndAdministrativeExpenses": 193200000,
    "otherExpenses": -271400000,
    "operatingExpenses": 271400000,
    "costAndExpenses": 1015200000,
    "interestIncome": 1085100000,
    "interestExpense": 490900000,
    "depreciationAndAmortization": 27400000,
    "ebitda": 275300000,
    "ebitdaratio": 0.2186829772,
    "operatingIncome": 281700000,
    "operatingIncomeRatio": 0.2237667805,
    "totalOtherIncomeExpensesNet": -247500000,
    "incomeBeforeTax": 247900000,
    "incomeBeforeTaxRatio": 0.1969179442,
    "incomeTaxExpense": 54300000,
    "netIncome": 193600000,
    "netIncomeRatio": 0.1537850504,
    "eps": 1.75,
    "epsdiluted": 1.75,
    "weightedAverageShsOut": 108600000,
    "weightedAverageShsOutDil": 109100000,
    "link": "https://www.sec.gov/Archives/edgar/data/1212545/000121254524000224/0001212545-24-000224-index.htm",
    "finalLink": "https://www.sec.gov/Archives/edgar/data/1212545/000121254524000224/wal-20240630.htm"
  },
  {
    "date": "2024-03-31",
    "symbol": "WAL",
    "reportedCurrency": "USD",
    "cik": "0001212545",
    "fillingDate": "2024-05-02",
    "acceptedDate": "2024-05-02 16:38:43",
    "calendarYear": "2024",
    "period": "Q1",
    "revenue": 1187200000,
    "costOfRevenue": 39100000,
    "grossProfit": 1148100000,
    "grossProfitRatio": 0.9670653639,
    "researchAndDevelopmentExpenses": 0,
    "generalAndAdministrativeExpenses": 213800000,
    "sellingAndMarketingExpenses": 5500000,
    "sellingGeneralAndAdministrativeExpenses": 219300000,
    "otherExpenses": -267600000,
    "operatingExpenses": 267600000,
    "costAndExpenses": 972500000,
    "interestIncome": 1014300000,
    "interestExpense": 456100000,
    "depreciationAndAmortization": 26800000,
    "ebitda": 258600000,
    "ebitdaratio": 0.2178234501,
    "operatingIncome": 290300000,
    "operatingIncomeRatio": 0.2445249326,
    "totalOtherIncomeExpensesNet": -237800000,
    "incomeBeforeTax": 231800000,
    "incomeBeforeTaxRatio": 0.1952493261,
    "incomeTaxExpense": 54400000,
    "netIncome": 177400000,
    "netIncomeRatio": 0.1494272237,
    "eps": 1.61,
    "epsdiluted": 1.6,
    "weightedAverageShsOut": 108500000,
    "weightedAverageShsOutDil": 109000000,
    "link": "https://www.sec.gov/Archives/edgar/data/1212545/000121254524000145/0001212545-24-000145-index.htm",
    "finalLink": "https://www.sec.gov/Archives/edgar/data/1212545/000121254524000145/wal-20240331.htm"
  },
  {
    "date": "2023-12-31",
    "symbol": "WAL",
    "reportedCurrency": "USD",
    "cik": "0001212545",
    "fillingDate": "2024-02-28",
    "acceptedDate": "2024-02-27 21:42:08",
    "calendarYear": "2023",
    "period": "Q4",
    "revenue": 1095300000,
    "costOfRevenue": 0,
    "grossProfit": 1095300000,
    "grossProfitRatio": 1,
    "researchAndDevelopmentExpenses": 0,
    "generalAndAdministrativeExpenses": 243200000,
    "sellingAndMarketingExpenses": 6700000,
    "sellingGeneralAndAdministrativeExpenses": 249900000,
    "otherExpenses": -329900000,
    "operatingExpenses": 329900000,
    "costAndExpenses": 936700000,
    "interestIncome": 993300000,
    "interestExpense": 103600000,
    "depreciationAndAmortization": 25000000,
    "ebitda": 0,
    "ebitdaratio": 0,
    "operatingIncome": 765400000,
    "operatingIncomeRatio": 0.6988039806,
    "totalOtherIncomeExpensesNet": 1270100000,
    "incomeBeforeTax": 211000000,
    "incomeBeforeTaxRatio": 0.1926412855,
    "incomeTaxExpense": 63100000,
    "netIncome": 147900000,
    "netIncomeRatio": 0.1350314982,
    "eps": 1.33,
    "epsdiluted": 1.33,
    "weightedAverageShsOut": 108400000,
    "weightedAverageShsOutDil": 108700000,
    "link": "https://www.sec.gov/Archives/edgar/data/1212545/000121254524000092/0001212545-24-000092-index.htm",
    "finalLink": "https://www.sec.gov/Archives/edgar/data/1212545/000121254524000092/wal-20231231.htm"
  },
  {
    "date": "2023-09-30",
    "symbol": "WAL",
    "reportedCurrency": "USD",
    "cik": "0001212545",
    "fillingDate": "2023-10-31",
    "acceptedDate": "2023-10-31 17:08:41",
    "calendarYear": "2023",
    "period": "Q3",
    "revenue": 578300000,
    "costOfRevenue": 0,
    "grossProfit": 578300000,
    "grossProfitRatio": 1,
    "researchAndDevelopmentExpenses": 0,
    "generalAndAdministrativeExpenses": 170300000,
    "sellingAndMarketingExpenses": 4900000,
    "sellingGeneralAndAdministrativeExpenses": 175200000,
    "otherExpenses": -244600000,
    "operatingExpenses": 33200000,
    "costAndExpenses": 33200000,
    "interestIncome": 1026600000,
    "interestExpense": 439600000,
    "depreciationAndAmortization": 15700000,
    "ebitda": 293600000,
    "ebitdaratio": 0.507694968,
    "operatingIncome": 277900000,
    "operatingIncomeRatio": 0.4805464292,
    "totalOtherIncomeExpensesNet": -205100000,
    "incomeBeforeTax": 277900000,
    "incomeBeforeTaxRatio": 0.4805464292,
    "incomeTaxExpense": 61300000,
    "netIncome": 216600000,
    "netIncomeRatio": 0.3745460833,
    "eps": 1.97,
    "epsdiluted": 1.97,
    "weightedAverageShsOut": 108300000,
    "weightedAverageShsOutDil": 108500000,
    "link": "https://www.sec.gov/Archives/edgar/data/1212545/000121254523000163/0001212545-23-000163-index.htm",
    "finalLink": "https://www.sec.gov/Archives/edgar/data/1212545/000121254523000163/wal-20230930.htm"
  },
  {
    "date": "2023-06-30",
    "symbol": "WAL",
    "reportedCurrency": "USD",
    "cik": "0001212545",
    "fillingDate": "2023-08-01",
    "acceptedDate": "2023-08-01 16:25:22",
    "calendarYear": "2023",
    "period": "Q2",
    "revenue": 557500000,
    "costOfRevenue": 0,
    "grossProfit": 557500000,
    "grossProfitRatio": 1,
    "researchAndDevelopmentExpenses": 0,
    "generalAndAdministrativeExpenses": 178600000,
    "sellingAndMarketingExpenses": 5000000,
    "sellingGeneralAndAdministrativeExpenses": 183600000,
    "otherExpenses": -481000000,
    "operatingExpenses": -297400000,
    "costAndExpenses": -297400000,
    "interestIncome": 1000800000,
    "interestExpense": 450500000,
    "depreciationAndAmortization": 23300000,
    "ebitda": 283399999,
    "ebitdaratio": 0.5083408054,
    "operatingIncome": 260100000,
    "operatingIncomeRatio": 0.4665470852,
    "totalOtherIncomeExpensesNet": -166400000,
    "incomeBeforeTax": 260100000,
    "incomeBeforeTaxRatio": 0.4665470852,
    "incomeTaxExpense": 44400000,
    "netIncome": 215700000,
    "netIncomeRatio": 0.3869058296,
    "eps": 1.96,
    "epsdiluted": 1.96,
    "weightedAverageShsOut": 108300000,
    "weightedAverageShsOutDil": 108300000,
    "link": "https://www.sec.gov/Archives/edgar/data/1212545/000121254523000149/0001212545-23-000149-index.htm",
    "finalLink": "https://www.sec.gov/Archives/edgar/data/1212545/000121254523000149/wal-20230630.htm"
  },
  {
    "date": "2023-03-31",
    "symbol": "WAL",
    "reportedCurrency": "USD",
    "cik": "0001212545",
    "fillingDate": "2023-05-08",
    "acceptedDate": "2023-05-08 17:06:36",
    "calendarYear": "2023",
    "period": "Q1",
    "revenue": 446800000,
    "costOfRevenue": 0,
    "grossProfit": 446800000,
    "grossProfitRatio": 1,
    "researchAndDevelopmentExpenses": 0,
    "generalAndAdministrativeExpenses": 164600000,
    "sellingAndMarketingExpenses": 5200000,
    "sellingGeneralAndAdministrativeExpenses": 169800000,
    "otherExpenses": -158900000,
    "operatingExpenses": 28300000,
    "costAndExpenses": 28300000,
    "interestIncome": 968900000,
    "interestExpense": 359000000,
    "depreciationAndAmortization": 22500000,
    "ebitda": 0,
    "ebitdaratio": 0,
    "operatingIncome": 521100000,
    "operatingIncomeRatio": 1.1662936437,
    "totalOtherIncomeExpensesNet": -127800000,
    "incomeBeforeTax": 184600000,
    "incomeBeforeTaxRatio": 0.4131602507,
    "incomeTaxExpense": 42400000,
    "netIncome": 142200000,
    "netIncomeRatio": 0.318263205,
    "eps": 1.29,
    "epsdiluted": 1.28,
    "weightedAverageShsOut": 108100000,
    "weightedAverageShsOutDil": 108300000,
    "link": "https://www.sec.gov/Archives/edgar/data/1212545/000121254523000127/0001212545-23-000127-index.htm",
    "finalLink": "https://www.sec.gov/Archives/edgar/data/1212545/000121254523000127/wal-20230331.htm"
  },
  {
    "date": "2022-12-31",
    "symbol": "WAL",
    "reportedCurrency": "USD",
    "cik": "0001212545",
    "fillingDate": "2023-02-23",
    "acceptedDate": "2023-02-23 15:54:24",
    "calendarYear": "2022",
    "period": "Q4",
    "revenue": 600100000,
    "costOfRevenue": 0,
    "grossProfit": 600100000,
    "grossProfitRatio": 1,
    "researchAndDevelopmentExpenses": 0,
    "generalAndAdministrativeExpenses": 134600000,
    "sellingAndMarketingExpenses": 7300000,
    "sellingGeneralAndAdministrativeExpenses": 141900000,
    "otherExpenses": -108600000,
    "operatingExpenses": 33300000,
    "costAndExpenses": 33300000,
    "interestIncome": 888300000,
    "interestExpense": 248600000,
    "depreciationAndAmortization": 22100000,
    "ebitda": 406000000,
    "ebitdaratio": 0.6765539077,
    "operatingIncome": 617300000,
    "operatingIncomeRatio": 1.0286618897,
    "totalOtherIncomeExpensesNet": -134700000,
    "incomeBeforeTax": 364700000,
    "incomeBeforeTaxRatio": 0.6077320447,
    "incomeTaxExpense": 71700000,
    "netIncome": 293000000,
    "netIncomeRatio": 0.488251958,
    "eps": 2.68,
    "epsdiluted": 2.67,
    "weightedAverageShsOut": 108000000,
    "weightedAverageShsOutDil": 108400000,
    "link": "https://www.sec.gov/Archives/edgar/data/1212545/000121254523000093/0001212545-23-000093-index.htm",
    "finalLink": "https://www.sec.gov/Archives/edgar/data/1212545/000121254523000093/wal-20221231.htm"
  },
  {
    "date": "2022-09-30",
    "symbol": "WAL",
    "reportedCurrency": "USD",
    "cik": "0001212545",
    "fillingDate": "2022-11-01",
    "acceptedDate": "2022-11-01 16:27:47",
    "calendarYear": "2022",
    "period": "Q3",
    "revenue": 586900000,
    "costOfRevenue": 0,
    "grossProfit": 586900000,
    "grossProfitRatio": 1,
    "researchAndDevelopmentExpenses": 0,
    "generalAndAdministrativeExpenses": 144600000,
    "sellingAndMarketingExpenses": 5000000,
    "sellingGeneralAndAdministrativeExpenses": 149600000,
    "otherExpenses": -121500000,
    "operatingExpenses": 29800000,
    "costAndExpenses": 29800000,
    "interestIncome": 739400000,
    "interestExpense": 137300000,
    "depreciationAndAmortization": 18900000,
    "ebitda": 348500000,
    "ebitdaratio": 0.5937979213,
    "operatingIncome": 468500000,
    "operatingIncomeRatio": 0.7982620549,
    "totalOtherIncomeExpensesNet": -103800000,
    "incomeBeforeTax": 329600000,
    "incomeBeforeTaxRatio": 0.5615948202,
    "incomeTaxExpense": 65600000,
    "netIncome": 260800000,
    "netIncomeRatio": 0.444368717,
    "eps": 2.43,
    "epsdiluted": 2.42,
    "weightedAverageShsOut": 107500000,
    "weightedAverageShsOutDil": 107900000,
    "link": "https://www.sec.gov/Archives/edgar/data/1212545/000121254522000155/0001212545-22-000155-index.htm",
    "finalLink": "https://www.sec.gov/Archives/edgar/data/1212545/000121254522000155/wal-20220930.htm"
  },
  {
    "date": "2022-06-30",
    "symbol": "WAL",
    "reportedCurrency": "USD",
    "cik": "0001212545",
    "fillingDate": "2022-07-29",
    "acceptedDate": "2022-07-29 17:02:34",
    "calendarYear": "2022",
    "period": "Q2",
    "revenue": 578200000,
    "costOfRevenue": 0,
    "grossProfit": 578200000,
    "grossProfitRatio": 1,
    "researchAndDevelopmentExpenses": 0,
    "generalAndAdministrativeExpenses": 145900000,
    "sellingAndMarketingExpenses": 5400000,
    "sellingGeneralAndAdministrativeExpenses": 151300000,
    "otherExpenses": -85400000,
    "operatingExpenses": 268900000,
    "costAndExpenses": 268900000,
    "interestIncome": 574200000,
    "interestExpense": 54600000,
    "depreciationAndAmortization": 17100000,
    "ebitda": 340700000,
    "ebitdaratio": 0.5892424767,
    "operatingIncome": 330500000,
    "operatingIncomeRatio": 0.571601522,
    "totalOtherIncomeExpensesNet": -66700000,
    "incomeBeforeTax": 323600000,
    "incomeBeforeTaxRatio": 0.559667935,
    "incomeTaxExpense": 63400000,
    "netIncome": 257000000,
    "netIncomeRatio": 0.4444828779,
    "eps": 2.4,
    "epsdiluted": 2.39,
    "weightedAverageShsOut": 107300000,
    "weightedAverageShsOutDil": 107700000,
    "link": "https://www.sec.gov/Archives/edgar/data/1212545/000121254522000130/0001212545-22-000130-index.htm",
    "finalLink": "https://www.sec.gov/Archives/edgar/data/1212545/000121254522000130/wal-20220630.htm"
  },
  {
    "date": "2022-03-31",
    "symbol": "WAL",
    "reportedCurrency": "USD",
    "cik": "0001212545",
    "fillingDate": "2022-04-29",
    "acceptedDate": "2022-04-29 14:53:26",
    "calendarYear": "2022",
    "period": "Q1",
    "revenue": 44600000,
    "costOfRevenue": 0,
    "grossProfit": 44600000,
    "grossProfitRatio": 1,
    "researchAndDevelopmentExpenses": 0,
    "generalAndAdministrativeExpenses": 145500000,
    "sellingAndMarketingExpenses": 4400000,
    "sellingGeneralAndAdministrativeExpenses": 149900000,
    "otherExpenses": -69700000,
    "operatingExpenses": 28400000,
    "costAndExpenses": 28400000,
    "interestIncome": 484500000,
    "interestExpense": 35000000,
    "depreciationAndAmortization": 16500000,
    "ebitda": 314700000,
    "ebitdaratio": 7.0560538117,
    "operatingIncome": 336900000,
    "operatingIncomeRatio": 7.5538116592,
    "totalOtherIncomeExpensesNet": -51500000,
    "incomeBeforeTax": 298200000,
    "incomeBeforeTaxRatio": 6.6860986547,
    "incomeTaxExpense": 58100000,
    "netIncome": 236900000,
    "netIncomeRatio": 5.3116591928,
    "eps": 2.23,
    "epsdiluted": 2.22,
    "weightedAverageShsOut": 106000000,
    "weightedAverageShsOutDil": 106600000,
    "link": "https://www.sec.gov/Archives/edgar/data/1212545/000121254522000109/0001212545-22-000109-index.htm",
    "finalLink": "https://www.sec.gov/Archives/edgar/data/1212545/000121254522000109/wal-20220331.htm"
  },
  {
    "date": "2021-12-31",
    "symbol": "WAL",
    "reportedCurrency": "USD",
    "cik": "0001212545",
    "fillingDate": "2022-02-25",
    "acceptedDate": "2022-02-25 16:59:40",
    "calendarYear": "2021",
    "period": "Q4",
    "revenue": 524300000,
    "costOfRevenue": 0,
    "grossProfit": 524300000,
    "grossProfitRatio": 1,
    "researchAndDevelopmentExpenses": 0,
    "generalAndAdministrativeExpenses": 127700000,
    "sellingAndMarketingExpenses": 6100000,
    "sellingGeneralAndAdministrativeExpenses": 133800000,
    "otherExpenses": 409700000,
    "operatingExpenses": 72100000,
    "costAndExpenses": 64500000,
    "interestIncome": 483300000,
    "interestExpense": 32700000,
    "depreciationAndAmortization": 25100000,
    "ebitda": 302000000,
    "ebitdaratio": 0.5760061034,
    "operatingIncome": 342700000,
    "operatingIncomeRatio": 0.653633416,
    "totalOtherIncomeExpensesNet": -60000000,
    "incomeBeforeTax": 310000000,
    "incomeBeforeTaxRatio": 0.5912645432,
    "incomeTaxExpense": 64000000,
    "netIncome": 246000000,
    "netIncomeRatio": 0.4691970246,
    "eps": 2.33,
    "epsdiluted": 2.32,
    "weightedAverageShsOut": 103900000,
    "weightedAverageShsOutDil": 104500000,
    "link": "https://www.sec.gov/Archives/edgar/data/1212545/000121254522000090/0001212545-22-000090-index.htm",
    "finalLink": "https://www.sec.gov/Archives/edgar/data/1212545/000121254522000090/wal-20211231.htm"
  },
  {
    "date": "2021-09-30",
    "symbol": "WAL",
    "reportedCurrency": "USD",
    "cik": "0001212545",
    "fillingDate": "2021-11-03",
    "acceptedDate": "2021-11-02 20:41:55",
    "calendarYear": "2021",
    "period": "Q3",
    "revenue": 521300000,
    "costOfRevenue": 9700000,
    "grossProfit": 511600000,
    "grossProfitRatio": 0.9813926722,
    "researchAndDevelopmentExpenses": 0,
    "generalAndAdministrativeExpenses": 139700000,
    "sellingAndMarketingExpenses": 900000,
    "sellingGeneralAndAdministrativeExpenses": 140600000,
    "otherExpenses": -57700000,
    "operatingExpenses": 14600000,
    "costAndExpenses": 24300000,
    "interestIncome": 442800000,
    "interestExpense": 32400000,
    "depreciationAndAmortization": 15400000,
    "ebitda": 317800000,
    "ebitdaratio": 0.6096297717,
    "operatingIncome": 348300000,
    "operatingIncomeRatio": 0.6681373489,
    "totalOtherIncomeExpensesNet": -56000000,
    "incomeBeforeTax": 302400000,
    "incomeBeforeTaxRatio": 0.5800882409,
    "incomeTaxExpense": 65500000,
    "netIncome": 236900000,
    "netIncomeRatio": 0.454440821,
    "eps": 2.29,
    "epsdiluted": 2.28,
    "weightedAverageShsOut": 103300000,
    "weightedAverageShsOutDil": 103900000,
    "link": "https://www.sec.gov/Archives/edgar/data/1212545/000121254521000170/0001212545-21-000170-index.htm",
    "finalLink": "https://www.sec.gov/Archives/edgar/data/1212545/000121254521000170/wal-20210930.htm"
  },
  {
    "date": "2021-06-30",
    "symbol": "WAL",
    "reportedCurrency": "USD",
    "cik": "0001212545",
    "fillingDate": "2021-07-30",
    "acceptedDate": "2021-07-30 16:42:13",
    "calendarYear": "2021",
    "period": "Q2",
    "revenue": 468700000,
    "costOfRevenue": 10500000,
    "grossProfit": 458200000,
    "grossProfitRatio": 0.9775976104,
    "researchAndDevelopmentExpenses": 0,
    "generalAndAdministrativeExpenses": 134400000,
    "sellingAndMarketingExpenses": 1700000,
    "sellingGeneralAndAdministrativeExpenses": 136100000,
    "otherExpenses": -80400000,
    "operatingExpenses": 15700000,
    "costAndExpenses": 26200000,
    "interestIncome": 398500000,
    "interestExpense": 28000000,
    "depreciationAndAmortization": 12700000,
    "ebitda": 266600000,
    "ebitdaratio": 0.5688073394,
    "operatingIncome": 315100000,
    "operatingIncomeRatio": 0.6722850437,
    "totalOtherIncomeExpensesNet": -73300000,
    "incomeBeforeTax": 276200000,
    "incomeBeforeTaxRatio": 0.5892895242,
    "incomeTaxExpense": 52400000,
    "netIncome": 223800000,
    "netIncomeRatio": 0.4774909324,
    "eps": 2.18,
    "epsdiluted": 2.17,
    "weightedAverageShsOut": 102700000,
    "weightedAverageShsOutDil": 103400000,
    "link": "https://www.sec.gov/Archives/edgar/data/1212545/000121254521000151/0001212545-21-000151-index.htm",
    "finalLink": "https://www.sec.gov/Archives/edgar/data/1212545/000121254521000151/wal-20210630.htm"
  },
  {
    "date": "2021-03-31",
    "symbol": "WAL",
    "reportedCurrency": "USD",
    "cik": "0001212545",
    "fillingDate": "2021-04-30",
    "acceptedDate": "2021-04-30 17:03:57",
    "calendarYear": "2021",
    "period": "Q1",
    "revenue": 320600000,
    "costOfRevenue": 0,
    "grossProfit": 320600000,
    "grossProfitRatio": 1,
    "researchAndDevelopmentExpenses": 0,
    "generalAndAdministrativeExpenses": 87900000,
    "sellingAndMarketingExpenses": 600000,
    "sellingGeneralAndAdministrativeExpenses": 88500000,
    "otherExpenses": -400000,
    "operatingExpenses": 10700000,
    "costAndExpenses": 10700000,
    "interestIncome": 334100000,
    "interestExpense": 16800000,
    "depreciationAndAmortization": 9000000,
    "ebitda": 243400000,
    "ebitdaratio": 0.7592014972,
    "operatingIncome": 259700000,
    "operatingIncomeRatio": 0.8100436681,
    "totalOtherIncomeExpensesNet": -21300000,
    "incomeBeforeTax": 234400000,
    "incomeBeforeTaxRatio": 0.7311291329,
    "incomeTaxExpense": 41900000,
    "netIncome": 192500000,
    "netIncomeRatio": 0.6004366812,
    "eps": 1.91,
    "epsdiluted": 1.9,
    "weightedAverageShsOut": 100800000,
    "weightedAverageShsOutDil": 101400000,
    "link": "https://www.sec.gov/Archives/edgar/data/1212545/000121254521000127/0001212545-21-000127-index.htm",
    "finalLink": "https://www.sec.gov/Archives/edgar/data/1212545/000121254521000127/wal-20210331.htm"
  },
  {
    "date": "2020-12-31",
    "symbol": "WAL",
    "reportedCurrency": "USD",
    "cik": "0001212545",
    "fillingDate": "2021-02-25",
    "acceptedDate": "2021-02-25 15:27:01",
    "calendarYear": "2020",
    "period": "Q4",
    "revenue": 325500000,
    "costOfRevenue": 6000,
    "grossProfit": 325494000,
    "grossProfitRatio": 0.9999815668,
    "researchAndDevelopmentExpenses": 0,
    "generalAndAdministrativeExpenses": 86900000,
    "sellingAndMarketingExpenses": 1500000,
    "sellingGeneralAndAdministrativeExpenses": 88400000,
    "otherExpenses": 0,
    "operatingExpenses": -262688000,
    "costAndExpenses": -262682000,
    "interestIncome": 331600000,
    "interestExpense": 16800000,
    "depreciationAndAmortization": 8604000,
    "ebitda": 249204000,
    "ebitdaratio": 0.7656036866,
    "operatingIncome": 265531000,
    "operatingIncomeRatio": 0.8157634409,
    "totalOtherIncomeExpensesNet": -22700000,
    "incomeBeforeTax": 240600000,
    "incomeBeforeTaxRatio": 0.7391705069,
    "incomeTaxExpense": 47000000,
    "netIncome": 193595000,
    "netIncomeRatio": 0.5947619048,
    "eps": 1.94,
    "epsdiluted": 1.93,
    "weightedAverageShsOut": 99900000,
    "weightedAverageShsOutDil": 100400000,
    "link": "https://www.sec.gov/Archives/edgar/data/1212545/000121254521000085/0001212545-21-000085-index.htm",
    "finalLink": "https://www.sec.gov/Archives/edgar/data/1212545/000121254521000085/wal-20201231.htm"
  },
  {
    "date": "2020-09-30",
    "symbol": "WAL",
    "reportedCurrency": "USD",
    "cik": "0001212545",
    "fillingDate": "2020-10-30",
    "acceptedDate": "2020-10-30 16:29:38",
    "calendarYear": "2020",
    "period": "Q3",
    "revenue": 298513000,
    "costOfRevenue": 0,
    "grossProfit": 298513000,
    "grossProfitRatio": 1,
    "researchAndDevelopmentExpenses": 0,
    "generalAndAdministrativeExpenses": 81821000,
    "sellingAndMarketingExpenses": 848000,
    "sellingGeneralAndAdministrativeExpenses": 82669000,
    "otherExpenses": -181235000,
    "operatingExpenses": -98566000,
    "costAndExpenses": -98566000,
    "interestIncome": 304843000,
    "interestExpense": 20105000,
    "depreciationAndAmortization": 13700000,
    "ebitda": 180291000,
    "ebitdaratio": 0.6039636465,
    "operatingIncome": 199947000,
    "operatingIncomeRatio": 0.669810025,
    "totalOtherIncomeExpensesNet": -15209000,
    "incomeBeforeTax": 166591000,
    "incomeBeforeTaxRatio": 0.5580694978,
    "incomeTaxExpense": 30822000,
    "netIncome": 135800000,
    "netIncomeRatio": 0.4549215612,
    "eps": 1.36,
    "epsdiluted": 1.36,
    "weightedAverageShsOut": 99900000,
    "weightedAverageShsOutDil": 100100000,
    "link": "https://www.sec.gov/Archives/edgar/data/1212545/000121254520000170/0001212545-20-000170-index.htm",
    "finalLink": "https://www.sec.gov/Archives/edgar/data/1212545/000121254520000170/wal-20200930.htm"
  },
  {
    "date": "2020-06-30",
    "symbol": "WAL",
    "reportedCurrency": "USD",
    "cik": "0001212545",
    "fillingDate": "2020-07-31",
    "acceptedDate": "2020-07-31 16:59:43",
    "calendarYear": "2020",
    "period": "Q2",
    "revenue": 312421000,
    "costOfRevenue": 0,
    "grossProfit": 312421000,
    "grossProfitRatio": 1,
    "researchAndDevelopmentExpenses": 0,
    "generalAndAdministrativeExpenses": 73078000,
    "sellingAndMarketingExpenses": 869000,
    "sellingGeneralAndAdministrativeExpenses": 73947000,
    "otherExpenses": -249455000,
    "operatingExpenses": -175508000,
    "costAndExpenses": -175508000,
    "interestIncome": 318238000,
    "interestExpense": 19838000,
    "depreciationAndAmortization": 4100000,
    "ebitda": 116971000,
    "ebitdaratio": 0.3744018488,
    "operatingIncome": 136913000,
    "operatingIncomeRatio": 0.4382323851,
    "totalOtherIncomeExpensesNet": -10529000,
    "incomeBeforeTax": 112871000,
    "incomeBeforeTaxRatio": 0.3612785312,
    "incomeTaxExpense": 19599000,
    "netIncome": 93300000,
    "netIncomeRatio": 0.2986354951,
    "eps": 0.93,
    "epsdiluted": 0.93,
    "weightedAverageShsOut": 99800000,
    "weightedAverageShsOutDil": 100000000,
    "link": "https://www.sec.gov/Archives/edgar/data/1212545/000121254520000163/0001212545-20-000163-index.htm",
    "finalLink": "https://www.sec.gov/Archives/edgar/data/1212545/000121254520000163/wal630202010-q.htm"
  },
  {
    "date": "2020-03-31",
    "symbol": "WAL",
    "reportedCurrency": "USD",
    "cik": "0001212545",
    "fillingDate": "2020-04-30",
    "acceptedDate": "2020-04-30 17:16:34",
    "calendarYear": "2020",
    "period": "Q1",
    "revenue": 262272000,
    "costOfRevenue": 0,
    "grossProfit": 262272000,
    "grossProfitRatio": 1,
    "researchAndDevelopmentExpenses": 0,
    "generalAndAdministrativeExpenses": 75062000,
    "sellingAndMarketingExpenses": 904000,
    "sellingGeneralAndAdministrativeExpenses": 75966000,
    "otherExpenses": -190149000,
    "operatingExpenses": -114183000,
    "costAndExpenses": -114183000,
    "interestIncome": 307216000,
    "interestExpense": 38196000,
    "depreciationAndAmortization": 8200000,
    "ebitda": 110672000,
    "ebitdaratio": 0.4219741337,
    "operatingIncome": 148089000,
    "operatingIncomeRatio": 0.5646390007,
    "totalOtherIncomeExpensesNet": -17928000,
    "incomeBeforeTax": 102472000,
    "incomeBeforeTaxRatio": 0.3907088824,
    "incomeTaxExpense": 18508000,
    "netIncome": 83900000,
    "netIncomeRatio": 0.3198969009,
    "eps": 0.83,
    "epsdiluted": 0.83,
    "weightedAverageShsOut": 101300000,
    "weightedAverageShsOutDil": 101700000,
    "link": "https://www.sec.gov/Archives/edgar/data/1212545/000121254520000131/0001212545-20-000131-index.htm",
    "finalLink": "https://www.sec.gov/Archives/edgar/data/1212545/000121254520000131/wal331202010-q.htm"
  }
]