[
  {
    "date": "2024-12-31",
    "symbol": "SHOP",
    "reportedCurrency": "USD",
    "cik": "0001594805",
    "fillingDate": "2025-02-11",
    "acceptedDate": "2025-02-11 07:02:46",
    "calendarYear": "2024",
    "period": "FY",
    "revenue": 8880000000,
    "costOfRevenue": 4408000000,
    "grossProfit": 4472000000,
    "grossProfitRatio": 0.5036036036,
    "researchAndDevelopmentExpenses": 1367000000,
    "generalAndAdministrativeExpenses": 410000000,
    "sellingAndMarketingExpenses": 1393000000,
    "sellingGeneralAndAdministrativeExpenses": 1803000000,
    "otherExpenses": 227000000,
    "operatingExpenses": 3397000000,
    "costAndExpenses": 7805000000,
    "interestIncome": 308000000,
    "interestExpense": 0,
    "depreciationAndAmortization": 36000000,
    "ebitda": 1111000000,
    "ebitdaratio": 0.1251126126,
    "operatingIncome": 1075000000,
    "operatingIncomeRatio": 0.1210585586,
    "totalOtherIncomeExpensesNet": 1153000000,
    "incomeBeforeTax": 2228000000,
    "incomeBeforeTaxRatio": 0.2509009009,
    "incomeTaxExpense": 209000000,
    "netIncome": 2019000000,
    "netIncomeRatio": 0.2273648649,
    "eps": 1.56,
    "epsdiluted": 1.56,
    "weightedAverageShsOut": 1294580140,
    "weightedAverageShsOutDil": 1294580140,
    "link": "https://www.sec.gov/Archives/edgar/data/1594805/000159480525000012/0001594805-25-000012-index.htm",
    "finalLink": "https://www.sec.gov/Archives/edgar/data/1594805/000159480525000012/shop-20241231.htm"
  },
  {
    "date": "2023-12-31",
    "symbol": "SHOP",
    "reportedCurrency": "USD",
    "cik": "0001594805",
    "fillingDate": "2024-02-13",
    "acceptedDate": "2024-02-13 07:08:30",
    "calendarYear": "2023",
    "period": "FY",
    "revenue": 7060000000,
    "costOfRevenue": 3545000000,
    "grossProfit": 3515000000,
    "grossProfitRatio": 0.4978753541,
    "researchAndDevelopmentExpenses": 1730000000,
    "generalAndAdministrativeExpenses": 491000000,
    "sellingAndMarketingExpenses": 1220000000,
    "sellingGeneralAndAdministrativeExpenses": 1711000000,
    "otherExpenses": 1492000000,
    "operatingExpenses": 4933000000,
    "costAndExpenses": 8478000000,
    "interestIncome": 241000000,
    "interestExpense": 0,
    "depreciationAndAmortization": 70000000,
    "ebitda": -8000000,
    "ebitdaratio": -0.0011331445,
    "operatingIncome": -1418000000,
    "operatingIncomeRatio": -0.2008498584,
    "totalOtherIncomeExpensesNet": 1603000000,
    "incomeBeforeTax": 185000000,
    "incomeBeforeTaxRatio": 0.026203966,
    "incomeTaxExpense": 53000000,
    "netIncome": 132000000,
    "netIncomeRatio": 0.0186968839,
    "eps": 0.1,
    "epsdiluted": 0.1,
    "weightedAverageShsOut": 1281554559,
    "weightedAverageShsOutDil": 1295511385,
    "link": "https://www.sec.gov/Archives/edgar/data/1594805/000159480524000007/0001594805-24-000007-index.htm",
    "finalLink": "https://www.sec.gov/Archives/edgar/data/1594805/000159480524000007/shop-20231231.htm"
  },
  {
    "date": "2022-12-31",
    "symbol": "SHOP",
    "reportedCurrency": "USD",
    "cik": "0001594805",
    "fillingDate": "2023-02-16",
    "acceptedDate": "2023-02-16 07:24:07",
    "calendarYear": "2022",
    "period": "FY",
    "revenue": 5600000000,
    "costOfRevenue": 2846000000,
    "grossProfit": 2754000000,
    "grossProfitRatio": 0.4917857143,
    "researchAndDevelopmentExpenses": 1503000000,
    "generalAndAdministrativeExpenses": 708000000,
    "sellingAndMarketingExpenses": 1230000000,
    "sellingGeneralAndAdministrativeExpenses": 1938000000,
    "otherExpenses": 135000000,
    "operatingExpenses": 3576000000,
    "costAndExpenses": 6422000000,
    "interestIncome": 75000000,
    "interestExpense": 1150000,
    "depreciationAndAmortization": 93000000,
    "ebitda": -729000000,
    "ebitdaratio": -0.1301785714,
    "operatingIncome": -822000000,
    "operatingIncomeRatio": -0.1467857143,
    "totalOtherIncomeExpensesNet": -2801000000,
    "incomeBeforeTax": -3623000000,
    "incomeBeforeTaxRatio": -0.6469642857,
    "incomeTaxExpense": -163000000,
    "netIncome": -3460000000,
    "netIncomeRatio": -0.6178571429,
    "eps": -2.73,
    "epsdiluted": -2.73,
    "weightedAverageShsOut": 1266268155,
    "weightedAverageShsOutDil": 1266268155,
    "link": "https://www.sec.gov/Archives/edgar/data/1594805/000159480523000011/0001594805-23-000011-index.htm",
    "finalLink": "https://www.sec.gov/Archives/edgar/data/1594805/000159480523000011/shop-20221231.htm"
  },
  {
    "date": "2021-12-31",
    "symbol": "SHOP",
    "reportedCurrency": "USD",
    "cik": "0001594805",
    "fillingDate": "2022-02-16",
    "acceptedDate": "2022-02-16 08:17:18",
    "calendarYear": "2021",
    "period": "FY",
    "revenue": 4611856000,
    "costOfRevenue": 2130712000,
    "grossProfit": 2481144000,
    "grossProfitRatio": 0.5379925132,
    "researchAndDevelopmentExpenses": 854383000,
    "generalAndAdministrativeExpenses": 374844000,
    "sellingAndMarketingExpenses": 901557000,
    "sellingGeneralAndAdministrativeExpenses": 1276401000,
    "otherExpenses": 81717000,
    "operatingExpenses": 2212501000,
    "costAndExpenses": 4343213000,
    "interestIncome": 15356000,
    "interestExpense": 1150000,
    "depreciationAndAmortization": 65724556,
    "ebitda": 334951000,
    "ebitdaratio": 0.0726282434,
    "operatingIncome": 268643000,
    "operatingIncomeRatio": 0.0582505178,
    "totalOtherIncomeExpensesNet": 2871949000,
    "incomeBeforeTax": 3140592000,
    "incomeBeforeTaxRatio": 0.6809822336,
    "incomeTaxExpense": 225933000,
    "netIncome": 2914659000,
    "netIncomeRatio": 0.6319926294,
    "eps": 2.32,
    "epsdiluted": 2.27,
    "weightedAverageShsOut": 1246588910,
    "weightedAverageShsOutDil": 1273647350,
    "link": "https://www.sec.gov/Archives/edgar/data/1594805/000159480522000011/0001594805-22-000011-index.htm",
    "finalLink": "https://www.sec.gov/Archives/edgar/data/1594805/000159480522000011/shop-20211231.htm"
  },
  {
    "date": "2020-12-31",
    "symbol": "SHOP",
    "reportedCurrency": "USD",
    "cik": "0001594805",
    "fillingDate": "2021-02-17",
    "acceptedDate": "2021-02-17 07:46:03",
    "calendarYear": "2020",
    "period": "FY",
    "revenue": 2929491000,
    "costOfRevenue": 1387971000,
    "grossProfit": 1541520000,
    "grossProfitRatio": 0.5262074538,
    "researchAndDevelopmentExpenses": 552127000,
    "generalAndAdministrativeExpenses": 245343000,
    "sellingAndMarketingExpenses": 602048000,
    "sellingGeneralAndAdministrativeExpenses": 847391000,
    "otherExpenses": 51849000,
    "operatingExpenses": 1451367000,
    "costAndExpenses": 2839338000,
    "interestIncome": 23434000,
    "interestExpense": 8575000,
    "depreciationAndAmortization": 73761035,
    "ebitda": 160213000,
    "ebitdaratio": 0.0546897055,
    "operatingIncome": 90153000,
    "operatingIncomeRatio": 0.0307742881,
    "totalOtherIncomeExpensesNet": 66739000,
    "incomeBeforeTax": 240364000,
    "incomeBeforeTaxRatio": 0.0820497486,
    "incomeTaxExpense": -79145000,
    "netIncome": 319509000,
    "netIncomeRatio": 0.1090663873,
    "eps": 0.28,
    "epsdiluted": 0.27,
    "weightedAverageShsOut": 1195697050,
    "weightedAverageShsOutDil": 1234632740,
    "link": "https://www.sec.gov/Archives/edgar/data/1594805/000159480521000008/0001594805-21-000008-index.htm",
    "finalLink": "https://www.sec.gov/Archives/edgar/data/1594805/000159480521000008/shop-20201231.htm"
  },
  {
    "date": "2019-12-31",
    "symbol": "SHOP",
    "reportedCurrency": "USD",
    "cik": "0001594805",
    "fillingDate": "2020-02-12",
    "acceptedDate": "2020-02-12 07:54:19",
    "calendarYear": "2019",
    "period": "FY",
    "revenue": 1578173000,
    "costOfRevenue": 712530000,
    "grossProfit": 865643000,
    "grossProfitRatio": 0.548509574,
    "researchAndDevelopmentExpenses": 355015000,
    "generalAndAdministrativeExpenses": 178934000,
    "sellingAndMarketingExpenses": 472841000,
    "sellingGeneralAndAdministrativeExpenses": 651775000,
    "otherExpenses": 45332000,
    "operatingExpenses": 1006790000,
    "costAndExpenses": 1719320000,
    "interestIncome": 48182000,
    "interestExpense": 0,
    "depreciationAndAmortization": 36479831,
    "ebitda": -61562719,
    "ebitdaratio": -0.0390088533,
    "operatingIncome": -141147000,
    "operatingIncomeRatio": -0.0894369629,
    "totalOtherIncomeExpensesNet": 20163000,
    "incomeBeforeTax": -95815000,
    "incomeBeforeTaxRatio": -0.0607126088,
    "incomeTaxExpense": 29027000,
    "netIncome": -124842000,
    "netIncomeRatio": -0.0791053959,
    "eps": -0.11,
    "epsdiluted": -0.11,
    "weightedAverageShsOut": 1130264240,
    "weightedAverageShsOutDil": 1130264240,
    "link": "https://www.sec.gov/Archives/edgar/data/1594805/000159480520000010/0001594805-20-000010-index.htm",
    "finalLink": "https://www.sec.gov/Archives/edgar/data/1594805/000159480520000010/form40-f2019.htm"
  },
  {
    "date": "2018-12-31",
    "symbol": "SHOP",
    "reportedCurrency": "USD",
    "cik": "0001594805",
    "fillingDate": "2019-02-12",
    "acceptedDate": "2019-02-12 07:33:10",
    "calendarYear": "2018",
    "period": "FY",
    "revenue": 1073229000,
    "costOfRevenue": 476962000,
    "grossProfit": 596267000,
    "grossProfitRatio": 0.5555822662,
    "researchAndDevelopmentExpenses": 230674000,
    "generalAndAdministrativeExpenses": 107444000,
    "sellingAndMarketingExpenses": 350069000,
    "sellingGeneralAndAdministrativeExpenses": 457513000,
    "otherExpenses": 0,
    "operatingExpenses": 688187000,
    "costAndExpenses": 1165149000,
    "interestIncome": 29436000,
    "interestExpense": 0,
    "depreciationAndAmortization": 25666730,
    "ebitda": -68700000,
    "ebitdaratio": -0.0640124335,
    "operatingIncome": -91920000,
    "operatingIncomeRatio": -0.085648077,
    "totalOtherIncomeExpensesNet": 27367000,
    "incomeBeforeTax": -64553000,
    "incomeBeforeTaxRatio": -0.0601483933,
    "incomeTaxExpense": 27367000,
    "netIncome": -64553000,
    "netIncomeRatio": -0.0601483933,
    "eps": -0.0611,
    "epsdiluted": -0.0611,
    "weightedAverageShsOut": 1056718390,
    "weightedAverageShsOutDil": 1056718390,
    "link": "https://www.sec.gov/Archives/edgar/data/1594805/000159480519000010/0001594805-19-000010-index.htm",
    "finalLink": "https://www.sec.gov/Archives/edgar/data/1594805/000159480519000010/form40-f2018.htm"
  },
  {
    "date": "2017-12-31",
    "symbol": "SHOP",
    "reportedCurrency": "USD",
    "cik": "0001594805",
    "fillingDate": "2018-02-15",
    "acceptedDate": "2018-02-15 07:30:56",
    "calendarYear": "2017",
    "period": "FY",
    "revenue": 673304000,
    "costOfRevenue": 293051000,
    "grossProfit": 380253000,
    "grossProfitRatio": 0.5647567815,
    "researchAndDevelopmentExpenses": 135997000,
    "generalAndAdministrativeExpenses": 67719000,
    "sellingAndMarketingExpenses": 225694000,
    "sellingGeneralAndAdministrativeExpenses": 293413000,
    "otherExpenses": 9162000,
    "operatingExpenses": 429410000,
    "costAndExpenses": 722461000,
    "interestIncome": 7850000,
    "interestExpense": 0,
    "depreciationAndAmortization": 24222892,
    "ebitda": -25775000,
    "ebitdaratio": -0.0382813707,
    "operatingIncome": -49157000,
    "operatingIncomeRatio": -0.0730086261,
    "totalOtherIncomeExpensesNet": 9162000,
    "incomeBeforeTax": -39995000,
    "incomeBeforeTaxRatio": -0.0594011026,
    "incomeTaxExpense": -840892,
    "netIncome": -39995000,
    "netIncomeRatio": -0.0594011026,
    "eps": -0.0418,
    "epsdiluted": -0.0418,
    "weightedAverageShsOut": 957748970,
    "weightedAverageShsOutDil": 957748970,
    "link": "https://www.sec.gov/Archives/edgar/data/1594805/000159480518000008/0001594805-18-000008-index.htm",
    "finalLink": "https://www.sec.gov/Archives/edgar/data/1594805/000159480518000008/form6kq42017pressrelease.htm"
  },
  {
    "date": "2016-12-31",
    "symbol": "SHOP",
    "reportedCurrency": "USD",
    "cik": "0001594805",
    "fillingDate": "2017-02-15",
    "acceptedDate": "2017-02-15 07:34:04",
    "calendarYear": "2016",
    "period": "FY",
    "revenue": 389330000,
    "costOfRevenue": 179835000,
    "grossProfit": 209495000,
    "grossProfitRatio": 0.5380910795,
    "researchAndDevelopmentExpenses": 74336000,
    "generalAndAdministrativeExpenses": 43110000,
    "sellingAndMarketingExpenses": 129214000,
    "sellingGeneralAndAdministrativeExpenses": 172324000,
    "otherExpenses": 1810000,
    "operatingExpenses": 246660000,
    "costAndExpenses": 426495000,
    "interestIncome": 1536000,
    "interestExpense": 0,
    "depreciationAndAmortization": 13799026,
    "ebitda": -23198000,
    "ebitdaratio": -0.0595844143,
    "operatingIncome": -37165000,
    "operatingIncomeRatio": -0.0954588652,
    "totalOtherIncomeExpensesNet": 1810000,
    "incomeBeforeTax": -35355000,
    "incomeBeforeTaxRatio": -0.0908098528,
    "incomeTaxExpense": 167974,
    "netIncome": -35355000,
    "netIncomeRatio": -0.0908098528,
    "eps": -0.0421,
    "epsdiluted": -0.0421,
    "weightedAverageShsOut": 839885970,
    "weightedAverageShsOutDil": 839885970,
    "link": "https://www.sec.gov/Archives/edgar/data/1594805/000159480517000006/0001594805-17-000006-index.htm",
    "finalLink": "https://www.sec.gov/Archives/edgar/data/1594805/000159480517000006/q42016pressrelease.htm"
  },
  {
    "date": "2015-12-31",
    "symbol": "SHOP",
    "reportedCurrency": "USD",
    "cik": "0001594805",
    "fillingDate": "2016-02-17",
    "acceptedDate": "2016-02-17 07:41:49",
    "calendarYear": "2015",
    "period": "FY",
    "revenue": 205233000,
    "costOfRevenue": 94162000,
    "grossProfit": 111071000,
    "grossProfitRatio": 0.5411946422,
    "researchAndDevelopmentExpenses": 39722000,
    "generalAndAdministrativeExpenses": 18731000,
    "sellingAndMarketingExpenses": 70374000,
    "sellingGeneralAndAdministrativeExpenses": 89105000,
    "otherExpenses": -1034000,
    "operatingExpenses": 128827000,
    "costAndExpenses": 222989000,
    "interestIncome": 200000,
    "interestExpense": 0,
    "depreciationAndAmortization": 7236000,
    "ebitda": -10520000,
    "ebitdaratio": -0.0512588132,
    "operatingIncome": -17756000,
    "operatingIncomeRatio": -0.086516301,
    "totalOtherIncomeExpensesNet": -1034000,
    "incomeBeforeTax": -18790000,
    "incomeBeforeTaxRatio": -0.0915544771,
    "incomeTaxExpense": -974429.2536688071,
    "netIncome": -18790000,
    "netIncomeRatio": -0.0915544771,
    "eps": -0.0304,
    "epsdiluted": -0.0304,
    "weightedAverageShsOut": 617160650,
    "weightedAverageShsOutDil": 617160650,
    "link": "https://www.sec.gov/Archives/edgar/data/1594805/000159480516000019/0001594805-16-000019-index.htm",
    "finalLink": "https://www.sec.gov/Archives/edgar/data/1594805/000159480516000019/shopify20fbody.htm"
  }
]