[
  {
    "date": "2024-12-31",
    "symbol": "SHOP",
    "reportedCurrency": "USD",
    "cik": "0001594805",
    "fillingDate": "2025-02-11",
    "acceptedDate": "2025-02-11 07:02:46",
    "calendarYear": "2024",
    "period": "Q4",
    "revenue": 2812000000,
    "costOfRevenue": 1460000000,
    "grossProfit": 1352000000,
    "grossProfitRatio": 0.4807965861,
    "researchAndDevelopmentExpenses": 351000000,
    "generalAndAdministrativeExpenses": 112000000,
    "sellingAndMarketingExpenses": 348000000,
    "sellingGeneralAndAdministrativeExpenses": 460000000,
    "otherExpenses": 76000000,
    "operatingExpenses": 887000000,
    "costAndExpenses": 2347000000,
    "interestIncome": 72000000,
    "interestExpense": 0,
    "depreciationAndAmortization": 8000000,
    "ebitda": 473000000,
    "ebitdaratio": 0.1682076814,
    "operatingIncome": 465000000,
    "operatingIncomeRatio": 0.1653627312,
    "totalOtherIncomeExpensesNet": 956000000,
    "incomeBeforeTax": 1421000000,
    "incomeBeforeTaxRatio": 0.5053342817,
    "incomeTaxExpense": 128000000,
    "netIncome": 1293000000,
    "netIncomeRatio": 0.4598150782,
    "eps": 1,
    "epsdiluted": 1,
    "weightedAverageShsOut": 1294580140,
    "weightedAverageShsOutDil": 1294580140,
    "link": "https://www.sec.gov/Archives/edgar/data/1594805/000159480525000012/0001594805-25-000012-index.htm",
    "finalLink": "https://www.sec.gov/Archives/edgar/data/1594805/000159480525000012/shop-20241231.htm"
  },
  {
    "date": "2024-09-30",
    "symbol": "SHOP",
    "reportedCurrency": "USD",
    "cik": "0001594805",
    "fillingDate": "2024-11-12",
    "acceptedDate": "2024-11-12 07:05:55",
    "calendarYear": "2024",
    "period": "Q3",
    "revenue": 2162000000,
    "costOfRevenue": 1044000000,
    "grossProfit": 1118000000,
    "grossProfitRatio": 0.5171137835,
    "researchAndDevelopmentExpenses": 332000000,
    "generalAndAdministrativeExpenses": 114000000,
    "sellingAndMarketingExpenses": 331000000,
    "sellingGeneralAndAdministrativeExpenses": 445000000,
    "otherExpenses": 58000000,
    "operatingExpenses": 835000000,
    "costAndExpenses": 1879000000,
    "interestIncome": 77000000,
    "interestExpense": 0,
    "depreciationAndAmortization": 8000000,
    "ebitda": 291000000,
    "ebitdaratio": 0.1345975948,
    "operatingIncome": 283000000,
    "operatingIncomeRatio": 0.1308973173,
    "totalOtherIncomeExpensesNet": 577000000,
    "incomeBeforeTax": 860000000,
    "incomeBeforeTaxRatio": 0.3977798335,
    "incomeTaxExpense": 32000000,
    "netIncome": 828000000,
    "netIncomeRatio": 0.3829787234,
    "eps": 0.64,
    "epsdiluted": 0.64,
    "weightedAverageShsOut": 1290585426,
    "weightedAverageShsOutDil": 1301600656,
    "link": "https://www.sec.gov/Archives/edgar/data/1594805/000159480524000089/0001594805-24-000089-index.htm",
    "finalLink": "https://www.sec.gov/Archives/edgar/data/1594805/000159480524000089/a3pr.htm"
  },
  {
    "date": "2024-06-30",
    "symbol": "SHOP",
    "reportedCurrency": "USD",
    "cik": "0001594805",
    "fillingDate": "2024-08-07",
    "acceptedDate": "2024-08-07 07:05:45",
    "calendarYear": "2024",
    "period": "Q2",
    "revenue": 2045000000,
    "costOfRevenue": 1000000000,
    "grossProfit": 1045000000,
    "grossProfitRatio": 0.511002445,
    "researchAndDevelopmentExpenses": 349000000,
    "generalAndAdministrativeExpenses": 60000000,
    "sellingAndMarketingExpenses": 353000000,
    "sellingGeneralAndAdministrativeExpenses": 413000000,
    "otherExpenses": 42000000,
    "operatingExpenses": 804000000,
    "costAndExpenses": 1804000000,
    "interestIncome": 80000000,
    "interestExpense": 0,
    "depreciationAndAmortization": 10000000,
    "ebitda": 251000000,
    "ebitdaratio": 0.1227383863,
    "operatingIncome": 241000000,
    "operatingIncomeRatio": 0.1178484108,
    "totalOtherIncomeExpensesNet": -38000000,
    "incomeBeforeTax": 203000000,
    "incomeBeforeTaxRatio": 0.0992665037,
    "incomeTaxExpense": 32000000,
    "netIncome": 171000000,
    "netIncomeRatio": 0.0836185819,
    "eps": 0.13,
    "epsdiluted": 0.13,
    "weightedAverageShsOut": 1288900183,
    "weightedAverageShsOutDil": 1299913079,
    "link": "https://www.sec.gov/Archives/edgar/data/1594805/000159480524000067/0001594805-24-000067-index.htm",
    "finalLink": "https://www.sec.gov/Archives/edgar/data/1594805/000159480524000067/exhibit991pressreleaseq220.htm"
  },
  {
    "date": "2024-03-31",
    "symbol": "SHOP",
    "reportedCurrency": "USD",
    "cik": "0001594805",
    "fillingDate": "2024-05-08",
    "acceptedDate": "2024-05-08 07:05:10",
    "calendarYear": "2024",
    "period": "Q1",
    "revenue": 1861000000,
    "costOfRevenue": 904000000,
    "grossProfit": 957000000,
    "grossProfitRatio": 0.5142396561,
    "researchAndDevelopmentExpenses": 335000000,
    "generalAndAdministrativeExpenses": 124000000,
    "sellingAndMarketingExpenses": 361000000,
    "sellingGeneralAndAdministrativeExpenses": 485000000,
    "otherExpenses": 51000000,
    "operatingExpenses": 871000000,
    "costAndExpenses": 1775000000,
    "interestIncome": 0,
    "interestExpense": 0,
    "depreciationAndAmortization": 10000000,
    "ebitda": 96000000,
    "ebitdaratio": 0.0515851693,
    "operatingIncome": 86000000,
    "operatingIncomeRatio": 0.0462117141,
    "totalOtherIncomeExpensesNet": -342000000,
    "incomeBeforeTax": -256000000,
    "incomeBeforeTaxRatio": -0.1375604514,
    "incomeTaxExpense": 17000000,
    "netIncome": -273000000,
    "netIncomeRatio": -0.1466953251,
    "eps": -0.21,
    "epsdiluted": -0.21,
    "weightedAverageShsOut": 1287376719,
    "weightedAverageShsOutDil": 1287376719,
    "link": "https://www.sec.gov/Archives/edgar/data/1594805/000159480524000046/0001594805-24-000046-index.htm",
    "finalLink": "https://www.sec.gov/Archives/edgar/data/1594805/000159480524000046/exhibit991financialstateme.htm"
  },
  {
    "date": "2023-12-31",
    "symbol": "SHOP",
    "reportedCurrency": "USD",
    "cik": "0001594805",
    "fillingDate": "2024-02-13",
    "acceptedDate": "2024-02-13 07:07:18",
    "calendarYear": "2023",
    "period": "Q4",
    "revenue": 2144000000,
    "costOfRevenue": 1082000000,
    "grossProfit": 1062000000,
    "grossProfitRatio": 0.4953358209,
    "researchAndDevelopmentExpenses": 311000000,
    "generalAndAdministrativeExpenses": 100000000,
    "sellingAndMarketingExpenses": 317000000,
    "sellingGeneralAndAdministrativeExpenses": 417000000,
    "otherExpenses": 45000000,
    "operatingExpenses": 773000000,
    "costAndExpenses": 1855000000,
    "interestIncome": 68000000,
    "interestExpense": 0,
    "depreciationAndAmortization": 10000000,
    "ebitda": 299000000,
    "ebitdaratio": 0.1394589552,
    "operatingIncome": 289000000,
    "operatingIncomeRatio": 0.1347947761,
    "totalOtherIncomeExpensesNet": 393000000,
    "incomeBeforeTax": 682000000,
    "incomeBeforeTaxRatio": 0.3180970149,
    "incomeTaxExpense": 25000000,
    "netIncome": 657000000,
    "netIncomeRatio": 0.3064365672,
    "eps": 0.51,
    "epsdiluted": 0.51,
    "weightedAverageShsOut": 1285498532,
    "weightedAverageShsOutDil": 1297295576,
    "link": "https://www.sec.gov/Archives/edgar/data/1594805/000159480524000006/0001594805-24-000006-index.htm",
    "finalLink": "https://www.sec.gov/Archives/edgar/data/1594805/000159480524000006/exhibit991pressreleaseq420.htm"
  },
  {
    "date": "2023-09-30",
    "symbol": "SHOP",
    "reportedCurrency": "USD",
    "cik": "0001594805",
    "fillingDate": "2023-11-02",
    "acceptedDate": "2023-11-02 07:06:21",
    "calendarYear": "2023",
    "period": "Q3",
    "revenue": 1714000000,
    "costOfRevenue": 813000000,
    "grossProfit": 901000000,
    "grossProfitRatio": 0.5256709452,
    "researchAndDevelopmentExpenses": 313000000,
    "generalAndAdministrativeExpenses": 137000000,
    "sellingAndMarketingExpenses": 295000000,
    "sellingGeneralAndAdministrativeExpenses": 432000000,
    "otherExpenses": 34000000,
    "operatingExpenses": 779000000,
    "costAndExpenses": 1592000000,
    "interestIncome": 63000000,
    "interestExpense": 0,
    "depreciationAndAmortization": 13000000,
    "ebitda": 135000000,
    "ebitdaratio": 0.0787631272,
    "operatingIncome": 122000000,
    "operatingIncomeRatio": 0.0711785298,
    "totalOtherIncomeExpensesNet": 606000000,
    "incomeBeforeTax": 728000000,
    "incomeBeforeTaxRatio": 0.4247374562,
    "incomeTaxExpense": 10000000,
    "netIncome": 718000000,
    "netIncomeRatio": 0.4189031505,
    "eps": 0.56,
    "epsdiluted": 0.55,
    "weightedAverageShsOut": 1283329213,
    "weightedAverageShsOutDil": 1295830188,
    "link": "https://www.sec.gov/Archives/edgar/data/1594805/000159480523000067/0001594805-23-000067-index.htm",
    "finalLink": "https://www.sec.gov/Archives/edgar/data/1594805/000159480523000067/exhibit991pressreleaseq320.htm"
  },
  {
    "date": "2023-06-30",
    "symbol": "SHOP",
    "reportedCurrency": "USD",
    "cik": "0001594805",
    "fillingDate": "2023-08-03",
    "acceptedDate": "2023-08-03 07:05:51",
    "calendarYear": "2023",
    "period": "Q2",
    "revenue": 1694000000,
    "costOfRevenue": 859000000,
    "grossProfit": 835000000,
    "grossProfitRatio": 0.4929161747,
    "researchAndDevelopmentExpenses": 648000000,
    "generalAndAdministrativeExpenses": 131000000,
    "sellingAndMarketingExpenses": 321000000,
    "sellingGeneralAndAdministrativeExpenses": 452000000,
    "otherExpenses": 1371000000,
    "operatingExpenses": 2471000000,
    "costAndExpenses": 3330000000,
    "interestIncome": 58000000,
    "interestExpense": 0,
    "depreciationAndAmortization": 17000000,
    "ebitda": -279000000,
    "ebitdaratio": -0.1646989374,
    "operatingIncome": -1636000000,
    "operatingIncomeRatio": -0.9657615112,
    "totalOtherIncomeExpensesNet": 335000000,
    "incomeBeforeTax": -1301000000,
    "incomeBeforeTaxRatio": -0.7680047226,
    "incomeTaxExpense": 10000000,
    "netIncome": -1311000000,
    "netIncomeRatio": -0.7739079103,
    "eps": -1.02,
    "epsdiluted": -1.02,
    "weightedAverageShsOut": 1280407642,
    "weightedAverageShsOutDil": 1280407642,
    "link": "https://www.sec.gov/Archives/edgar/data/1594805/000159480523000052/0001594805-23-000052-index.htm",
    "finalLink": "https://www.sec.gov/Archives/edgar/data/1594805/000159480523000052/exhibit991financialstateme.htm"
  },
  {
    "date": "2023-03-31",
    "symbol": "SHOP",
    "reportedCurrency": "USD",
    "cik": "0001594805",
    "fillingDate": "2023-05-04",
    "acceptedDate": "2023-05-04 07:09:18",
    "calendarYear": "2023",
    "period": "Q1",
    "revenue": 1508000000,
    "costOfRevenue": 791000000,
    "grossProfit": 717000000,
    "grossProfitRatio": 0.475464191,
    "researchAndDevelopmentExpenses": 458000000,
    "generalAndAdministrativeExpenses": 123000000,
    "sellingAndMarketingExpenses": 287000000,
    "sellingGeneralAndAdministrativeExpenses": 410000000,
    "otherExpenses": 42000000,
    "operatingExpenses": 910000000,
    "costAndExpenses": 1701000000,
    "interestIncome": 52000000,
    "interestExpense": 0,
    "depreciationAndAmortization": 30000000,
    "ebitda": -163000000,
    "ebitdaratio": -0.1080901857,
    "operatingIncome": -193000000,
    "operatingIncomeRatio": -0.1279840849,
    "totalOtherIncomeExpensesNet": 269000000,
    "incomeBeforeTax": 76000000,
    "incomeBeforeTaxRatio": 0.050397878,
    "incomeTaxExpense": 8000000,
    "netIncome": 68000000,
    "netIncomeRatio": 0.0450928382,
    "eps": 0.05,
    "epsdiluted": 0.05,
    "weightedAverageShsOut": 1276884726,
    "weightedAverageShsOutDil": 1291682051,
    "link": "https://www.sec.gov/Archives/edgar/data/1594805/000159480523000024/0001594805-23-000024-index.htm",
    "finalLink": "https://www.sec.gov/Archives/edgar/data/1594805/000159480523000024/exhibit991financialstateme.htm"
  },
  {
    "date": "2022-12-31",
    "symbol": "SHOP",
    "reportedCurrency": "USD",
    "cik": "0001594805",
    "fillingDate": "2023-02-15",
    "acceptedDate": "2023-02-15 16:17:35",
    "calendarYear": "2022",
    "period": "Q4",
    "revenue": 1734978000,
    "costOfRevenue": 936470000,
    "grossProfit": 798508000,
    "grossProfitRatio": 0.4602409944,
    "researchAndDevelopmentExpenses": 440547000,
    "generalAndAdministrativeExpenses": 214651000,
    "sellingAndMarketingExpenses": 297741000,
    "sellingGeneralAndAdministrativeExpenses": 512392000,
    "otherExpenses": 34318000,
    "operatingExpenses": 987257000,
    "costAndExpenses": 1923727000,
    "interestIncome": 39563000,
    "interestExpense": 291000,
    "depreciationAndAmortization": 29822000,
    "ebitda": -584495000,
    "ebitdaratio": -0.336888998,
    "operatingIncome": -188749000,
    "operatingIncomeRatio": -0.1087904285,
    "totalOtherIncomeExpensesNet": -425859000,
    "incomeBeforeTax": -614608000,
    "incomeBeforeTaxRatio": -0.3542454141,
    "incomeTaxExpense": 9086000,
    "netIncome": -623694000,
    "netIncomeRatio": -0.3594823681,
    "eps": -0.49,
    "epsdiluted": -0.49,
    "weightedAverageShsOut": 1273338804,
    "weightedAverageShsOutDil": 1273338804,
    "link": "https://www.sec.gov/Archives/edgar/data/1594805/000159480523000008/0001594805-23-000008-index.htm",
    "finalLink": "https://www.sec.gov/Archives/edgar/data/1594805/000159480523000008/exhibit991pressreleaseq420.htm"
  },
  {
    "date": "2022-09-30",
    "symbol": "SHOP",
    "reportedCurrency": "USD",
    "cik": "0001594805",
    "fillingDate": "2022-10-27",
    "acceptedDate": "2022-10-27 07:06:52",
    "calendarYear": "2022",
    "period": "Q3",
    "revenue": 1366000000,
    "costOfRevenue": 704000000,
    "grossProfit": 662000000,
    "grossProfitRatio": 0.4846266471,
    "researchAndDevelopmentExpenses": 412000000,
    "generalAndAdministrativeExpenses": 255000000,
    "sellingAndMarketingExpenses": 302000000,
    "sellingGeneralAndAdministrativeExpenses": 557000000,
    "otherExpenses": 39000000,
    "operatingExpenses": 1008000000,
    "costAndExpenses": 1712000000,
    "interestIncome": 20000000,
    "interestExpense": 290000,
    "depreciationAndAmortization": 29000000,
    "ebitda": -317000000,
    "ebitdaratio": -0.2320644217,
    "operatingIncome": -346000000,
    "operatingIncomeRatio": -0.2532942899,
    "totalOtherIncomeExpensesNet": 188000000,
    "incomeBeforeTax": -158000000,
    "incomeBeforeTaxRatio": -0.1156661786,
    "incomeTaxExpense": 1000000,
    "netIncome": -159000000,
    "netIncomeRatio": -0.116398243,
    "eps": -0.12,
    "epsdiluted": -0.12,
    "weightedAverageShsOut": 1269425226,
    "weightedAverageShsOutDil": 1269425226,
    "link": "https://www.sec.gov/Archives/edgar/data/1594805/000159480522000050/0001594805-22-000050-index.htm",
    "finalLink": "https://www.sec.gov/Archives/edgar/data/1594805/000159480522000050/exhibit991pressreleaseq320.htm"
  },
  {
    "date": "2022-06-30",
    "symbol": "SHOP",
    "reportedCurrency": "USD",
    "cik": "0001594805",
    "fillingDate": "2022-06-30",
    "acceptedDate": "2022-06-30 00:00:00",
    "calendarYear": "2022",
    "period": "Q2",
    "revenue": 1295000000,
    "costOfRevenue": 639000000,
    "grossProfit": 656000000,
    "grossProfitRatio": 0.5065637066,
    "researchAndDevelopmentExpenses": 347000000,
    "generalAndAdministrativeExpenses": 130000000,
    "sellingAndMarketingExpenses": 327000000,
    "sellingGeneralAndAdministrativeExpenses": 457000000,
    "otherExpenses": 42000000,
    "operatingExpenses": 846000000,
    "costAndExpenses": 1485000000,
    "interestIncome": 12000000,
    "interestExpense": 281000,
    "depreciationAndAmortization": 16000000,
    "ebitda": -174000000,
    "ebitdaratio": -0.1343629344,
    "operatingIncome": -190000000,
    "operatingIncomeRatio": -0.1467181467,
    "totalOtherIncomeExpensesNet": -1008000000,
    "incomeBeforeTax": -1198000000,
    "incomeBeforeTaxRatio": -0.9250965251,
    "incomeTaxExpense": 6000000,
    "netIncome": -1204000000,
    "netIncomeRatio": -0.9297297297,
    "eps": -0.95,
    "epsdiluted": -0.95,
    "weightedAverageShsOut": 1262011665,
    "weightedAverageShsOutDil": 1262011665,
    "link": null,
    "finalLink": null
  },
  {
    "date": "2022-03-31",
    "symbol": "SHOP",
    "reportedCurrency": "USD",
    "cik": "0001594805",
    "fillingDate": "2022-05-05",
    "acceptedDate": "2022-05-05 07:23:32",
    "calendarYear": "2022",
    "period": "Q1",
    "revenue": 1204000000,
    "costOfRevenue": 566000000,
    "grossProfit": 638000000,
    "grossProfitRatio": 0.5299003322,
    "researchAndDevelopmentExpenses": 304000000,
    "generalAndAdministrativeExpenses": 109000000,
    "sellingAndMarketingExpenses": 303000000,
    "sellingGeneralAndAdministrativeExpenses": 412000000,
    "otherExpenses": 20000000,
    "operatingExpenses": 736000000,
    "costAndExpenses": 1302000000,
    "interestIncome": 5000000,
    "interestExpense": 288000,
    "depreciationAndAmortization": 17000000,
    "ebitda": -81000000,
    "ebitdaratio": -0.0672757475,
    "operatingIncome": -98000000,
    "operatingIncomeRatio": -0.0813953488,
    "totalOtherIncomeExpensesNet": -1555000000,
    "incomeBeforeTax": -1653000000,
    "incomeBeforeTaxRatio": -1.372923588,
    "incomeTaxExpense": -179000000,
    "netIncome": -1474000000,
    "netIncomeRatio": -1.2242524917,
    "eps": -1.17,
    "epsdiluted": -1.17,
    "weightedAverageShsOut": 1260130660,
    "weightedAverageShsOutDil": 1260130660,
    "link": "https://www.sec.gov/Archives/edgar/data/1594805/000159480522000020/0001594805-22-000020-index.htm",
    "finalLink": "https://www.sec.gov/Archives/edgar/data/1594805/000159480522000020/exhibit991financialstateme.htm"
  },
  {
    "date": "2021-12-31",
    "symbol": "SHOP",
    "reportedCurrency": "USD",
    "cik": "0001594805",
    "fillingDate": "2022-02-16",
    "acceptedDate": "2022-02-16 07:22:11",
    "calendarYear": "2021",
    "period": "Q4",
    "revenue": 1380024000,
    "costOfRevenue": 687365000,
    "grossProfit": 692659000,
    "grossProfitRatio": 0.5019180826,
    "researchAndDevelopmentExpenses": 273912000,
    "generalAndAdministrativeExpenses": 101054000,
    "sellingAndMarketingExpenses": 275475000,
    "sellingGeneralAndAdministrativeExpenses": 376529000,
    "otherExpenses": -503123000,
    "operatingExpenses": 678255000,
    "costAndExpenses": 1365620000,
    "interestIncome": 4918000,
    "interestExpense": 0,
    "depreciationAndAmortization": 22166109,
    "ebitda": -464032212,
    "ebitdaratio": -0.3362493783,
    "operatingIncome": 14404000,
    "operatingIncomeRatio": 0.0104374996,
    "totalOtherIncomeExpensesNet": -503123000,
    "incomeBeforeTax": -488719000,
    "incomeBeforeTaxRatio": -0.354138044,
    "incomeTaxExpense": -117408000,
    "netIncome": -371311000,
    "netIncomeRatio": -0.2690612627,
    "eps": -0.3,
    "epsdiluted": -0.3,
    "weightedAverageShsOut": 1257347550,
    "weightedAverageShsOutDil": 1257347550,
    "link": "https://www.sec.gov/Archives/edgar/data/1594805/000159480522000010/0001594805-22-000010-index.htm",
    "finalLink": "https://www.sec.gov/Archives/edgar/data/1594805/000159480522000010/exhibit991pressreleaseq420.htm"
  },
  {
    "date": "2021-09-30",
    "symbol": "SHOP",
    "reportedCurrency": "USD",
    "cik": "0001594805",
    "fillingDate": "2021-10-28",
    "acceptedDate": "2021-10-28 07:08:34",
    "calendarYear": "2021",
    "period": "Q3",
    "revenue": 1123740000,
    "costOfRevenue": 514831000,
    "grossProfit": 608909000,
    "grossProfitRatio": 0.5418593269,
    "researchAndDevelopmentExpenses": 221028000,
    "generalAndAdministrativeExpenses": 128722000,
    "sellingAndMarketingExpenses": 237949000,
    "sellingGeneralAndAdministrativeExpenses": 366671000,
    "otherExpenses": 25311000,
    "operatingExpenses": 613010000,
    "costAndExpenses": 1127841000,
    "interestIncome": 4516000,
    "interestExpense": 872000,
    "depreciationAndAmortization": 13511380,
    "ebitda": 1345703261,
    "ebitdaratio": 1.197521901,
    "operatingIncome": -4101000,
    "operatingIncomeRatio": -0.0036494207,
    "totalOtherIncomeExpensesNet": 1344553000,
    "incomeBeforeTax": 1340452000,
    "incomeBeforeTaxRatio": 1.1928488796,
    "incomeTaxExpense": 192020000,
    "netIncome": 1148432000,
    "netIncomeRatio": 1.0219730543,
    "eps": 0.9,
    "epsdiluted": 0.9,
    "weightedAverageShsOut": 1250714600,
    "weightedAverageShsOutDil": 1276191882,
    "link": "https://www.sec.gov/Archives/edgar/data/1594805/000159480521000040/0001594805-21-000040-index.htm",
    "finalLink": "https://www.sec.gov/Archives/edgar/data/1594805/000159480521000040/exhibit991financialstateme.htm"
  },
  {
    "date": "2021-06-30",
    "symbol": "SHOP",
    "reportedCurrency": "USD",
    "cik": "0001594805",
    "fillingDate": "2021-06-30",
    "acceptedDate": "2021-06-30 00:00:00",
    "calendarYear": "2021",
    "period": "Q2",
    "revenue": 1119445000,
    "costOfRevenue": 498585000,
    "grossProfit": 620860000,
    "grossProfitRatio": 0.5546141168,
    "researchAndDevelopmentExpenses": 183557000,
    "generalAndAdministrativeExpenses": 77966000,
    "sellingAndMarketingExpenses": 201910000,
    "sellingGeneralAndAdministrativeExpenses": 279876000,
    "otherExpenses": 779874000,
    "operatingExpenses": 481419000,
    "costAndExpenses": 980004000,
    "interestIncome": 3092000,
    "interestExpense": 284000,
    "depreciationAndAmortization": 14538611,
    "ebitda": 926917545,
    "ebitdaratio": 0.828015262,
    "operatingIncome": 139441000,
    "operatingIncomeRatio": 0.1245626181,
    "totalOtherIncomeExpensesNet": 779874000,
    "incomeBeforeTax": 919315000,
    "incomeBeforeTaxRatio": 0.8212239101,
    "incomeTaxExpense": 40222000,
    "netIncome": 879093000,
    "netIncomeRatio": 0.7852936053,
    "eps": 0.69,
    "epsdiluted": 0.69,
    "weightedAverageShsOut": 1245475010,
    "weightedAverageShsOutDil": 1274750630,
    "link": null,
    "finalLink": null
  },
  {
    "date": "2021-03-31",
    "symbol": "SHOP",
    "reportedCurrency": "USD",
    "cik": "0001594805",
    "fillingDate": "2021-04-28",
    "acceptedDate": "2021-04-28 07:19:52",
    "calendarYear": "2021",
    "period": "Q1",
    "revenue": 988647000,
    "costOfRevenue": 429931000,
    "grossProfit": 558716000,
    "grossProfitRatio": 0.5651319429,
    "researchAndDevelopmentExpenses": 175886000,
    "generalAndAdministrativeExpenses": 67102000,
    "sellingAndMarketingExpenses": 186223000,
    "sellingGeneralAndAdministrativeExpenses": 253325000,
    "otherExpenses": 2.9802322387695312e-08,
    "operatingExpenses": 439817000,
    "costAndExpenses": 869748000,
    "interestIncome": 2830000,
    "interestExpense": 873000,
    "depreciationAndAmortization": 15918028,
    "ebitda": 137529000,
    "ebitdaratio": 0.1391082965,
    "operatingIncome": 118899000,
    "operatingIncomeRatio": 0.1202643613,
    "totalOtherIncomeExpensesNet": 1250645000,
    "incomeBeforeTax": 1369544000,
    "incomeBeforeTaxRatio": 1.3852709815,
    "incomeTaxExpense": 111099000,
    "netIncome": 1258445000,
    "netIncomeRatio": 1.2728961905,
    "eps": 0.99,
    "epsdiluted": 0.99,
    "weightedAverageShsOut": 1232436500,
    "weightedAverageShsOutDil": 1266743880,
    "link": "https://www.sec.gov/Archives/edgar/data/1594805/000159480521000020/0001594805-21-000020-index.htm",
    "finalLink": "https://www.sec.gov/Archives/edgar/data/1594805/000159480521000020/exhibit991pressreleaseq120.htm"
  },
  {
    "date": "2020-12-31",
    "symbol": "SHOP",
    "reportedCurrency": "USD",
    "cik": "0001594805",
    "fillingDate": "2021-02-17",
    "acceptedDate": "2021-02-17 07:42:49",
    "calendarYear": "2020",
    "period": "Q4",
    "revenue": 977744000,
    "costOfRevenue": 473356000,
    "grossProfit": 504388000,
    "grossProfitRatio": 0.5158691846,
    "researchAndDevelopmentExpenses": 159077000,
    "generalAndAdministrativeExpenses": 65395000,
    "sellingAndMarketingExpenses": 154728000,
    "sellingGeneralAndAdministrativeExpenses": 220123000,
    "otherExpenses": -2788000,
    "operatingExpenses": 391847000,
    "costAndExpenses": 865203000,
    "interestIncome": 3227000,
    "interestExpense": 7337000,
    "depreciationAndAmortization": 17893000,
    "ebitda": 134983000,
    "ebitdaratio": 0.1380555646,
    "operatingIncome": 112541000,
    "operatingIncomeRatio": 0.1151027263,
    "totalOtherIncomeExpensesNet": -2788000,
    "incomeBeforeTax": 109753000,
    "incomeBeforeTaxRatio": 0.1122512641,
    "incomeTaxExpense": -14119000,
    "netIncome": 123872000,
    "netIncomeRatio": 0.1266916493,
    "eps": 0.0987,
    "epsdiluted": 0.0987,
    "weightedAverageShsOut": 1222001260,
    "weightedAverageShsOutDil": 1254549190,
    "link": "https://www.sec.gov/Archives/edgar/data/1594805/000159480521000007/0001594805-21-000007-index.htm",
    "finalLink": "https://www.sec.gov/Archives/edgar/data/1594805/000159480521000007/exhibit991pressrelease2020.htm"
  },
  {
    "date": "2020-09-30",
    "symbol": "SHOP",
    "reportedCurrency": "USD",
    "cik": "0001594805",
    "fillingDate": "2020-10-29",
    "acceptedDate": "2020-10-29 07:22:31",
    "calendarYear": "2020",
    "period": "Q3",
    "revenue": 767405000,
    "costOfRevenue": 362257000,
    "grossProfit": 405148000,
    "grossProfitRatio": 0.5279454786,
    "researchAndDevelopmentExpenses": 143427000,
    "generalAndAdministrativeExpenses": 51799000,
    "sellingAndMarketingExpenses": 147608000,
    "sellingGeneralAndAdministrativeExpenses": 199407000,
    "otherExpenses": 0,
    "operatingExpenses": 354587000,
    "costAndExpenses": 716844000,
    "interestIncome": 3788000,
    "interestExpense": 1238000,
    "depreciationAndAmortization": 17870000,
    "ebitda": 72219000,
    "ebitdaratio": 0.0941080655,
    "operatingIncome": 50561000,
    "operatingIncomeRatio": 0.0658856797,
    "totalOtherIncomeExpensesNet": 124053000,
    "incomeBeforeTax": 186367000,
    "incomeBeforeTaxRatio": 0.2428535128,
    "incomeTaxExpense": -4701000,
    "netIncome": 191068000,
    "netIncomeRatio": 0.2489793525,
    "eps": 0.15,
    "epsdiluted": 0.15,
    "weightedAverageShsOut": 1205114840,
    "weightedAverageShsOutDil": 1249082790,
    "link": "https://www.sec.gov/Archives/edgar/data/1594805/000159480520000047/0001594805-20-000047-index.htm",
    "finalLink": "https://www.sec.gov/Archives/edgar/data/1594805/000159480520000047/exhibit991pressrelease.htm"
  },
  {
    "date": "2020-06-30",
    "symbol": "SHOP",
    "reportedCurrency": "USD",
    "cik": "0001594805",
    "fillingDate": "2020-06-30",
    "acceptedDate": "2020-06-30 00:00:00",
    "calendarYear": "2020",
    "period": "Q2",
    "revenue": 714341000,
    "costOfRevenue": 339307000,
    "grossProfit": 375034000,
    "grossProfitRatio": 0.5250069645,
    "researchAndDevelopmentExpenses": 133227000,
    "generalAndAdministrativeExpenses": 83307000,
    "sellingAndMarketingExpenses": 144850000,
    "sellingGeneralAndAdministrativeExpenses": 228157000,
    "otherExpenses": 4084000,
    "operatingExpenses": 374750000,
    "costAndExpenses": 714057000,
    "interestIncome": 5952000,
    "interestExpense": 0,
    "depreciationAndAmortization": 19931000,
    "ebitda": 24299000,
    "ebitdaratio": 0.0340159672,
    "operatingIncome": 284000,
    "operatingIncomeRatio": 0.0003975692,
    "totalOtherIncomeExpensesNet": 4084000,
    "incomeBeforeTax": 4368000,
    "incomeBeforeTaxRatio": 0.0061147267,
    "incomeTaxExpense": -31630000,
    "netIncome": 35998000,
    "netIncomeRatio": 0.0503932996,
    "eps": 0.0293,
    "epsdiluted": 0.0293,
    "weightedAverageShsOut": 1187406450,
    "weightedAverageShsOutDil": 1227499800,
    "link": null,
    "finalLink": null
  },
  {
    "date": "2020-03-31",
    "symbol": "SHOP",
    "reportedCurrency": "USD",
    "cik": "0001594805",
    "fillingDate": "2020-05-06",
    "acceptedDate": "2020-05-06 07:26:22",
    "calendarYear": "2020",
    "period": "Q1",
    "revenue": 470001000,
    "costOfRevenue": 213051000,
    "grossProfit": 256950000,
    "grossProfitRatio": 0.5467009645,
    "researchAndDevelopmentExpenses": 116396000,
    "generalAndAdministrativeExpenses": 44842000,
    "sellingAndMarketingExpenses": 154862000,
    "sellingGeneralAndAdministrativeExpenses": 199704000,
    "otherExpenses": 14083000,
    "operatingExpenses": 330183000,
    "costAndExpenses": 543234000,
    "interestIncome": 10467000,
    "interestExpense": 10467000,
    "depreciationAndAmortization": 14366000,
    "ebitda": -44784000,
    "ebitdaratio": -0.0952849036,
    "operatingIncome": -73233000,
    "operatingIncomeRatio": -0.1558145621,
    "totalOtherIncomeExpensesNet": -974000,
    "incomeBeforeTax": -60124000,
    "incomeBeforeTaxRatio": -0.1279231321,
    "incomeTaxExpense": -28695000,
    "netIncome": -31429000,
    "netIncomeRatio": -0.0668700705,
    "eps": -0.027,
    "epsdiluted": -0.0269,
    "weightedAverageShsOut": 1164080151,
    "weightedAverageShsOutDil": 1168065490,
    "link": "https://www.sec.gov/Archives/edgar/data/1594805/000159480520000027/0001594805-20-000027-index.htm",
    "finalLink": "https://www.sec.gov/Archives/edgar/data/1594805/000159480520000027/exhibit991financialstateme.htm"
  }
]