[
  {
    "date": "2024-10-31",
    "symbol": "RY",
    "reportedCurrency": "CAD",
    "cik": "0000000000",
    "fillingDate": "2024-12-04",
    "acceptedDate": "2024-12-04 06:26:17",
    "calendarYear": "2024",
    "period": "FY",
    "revenue": 57491000000,
    "costOfRevenue": 0,
    "grossProfit": 57491000000,
    "grossProfitRatio": 1,
    "researchAndDevelopmentExpenses": 0,
    "generalAndAdministrativeExpenses": 21083000000,
    "sellingAndMarketingExpenses": 0,
    "sellingGeneralAndAdministrativeExpenses": 21083000000,
    "otherExpenses": 12110000000,
    "operatingExpenses": 33193000000,
    "costAndExpenses": 33193000000,
    "interestIncome": 104951000000,
    "interestExpense": 76998000000,
    "depreciationAndAmortization": 2981000000,
    "ebitda": 27279000000,
    "ebitdaratio": 0.4744916596,
    "operatingIncome": 24298000000,
    "operatingIncomeRatio": 0.4226400654,
    "totalOtherIncomeExpensesNet": -4436000000,
    "incomeBeforeTax": 19862000000,
    "incomeBeforeTaxRatio": 0.3454801621,
    "incomeTaxExpense": 3622000000,
    "netIncome": 16230000000,
    "netIncomeRatio": 0.2823050564,
    "eps": 10.96,
    "epsdiluted": 11.23,
    "weightedAverageShsOut": 1450809061,
    "weightedAverageShsOutDil": 1416149000,
    "link": "https://www.sec.gov/Archives/edgar/data/1000275/000119312524270294/0001193125-24-270294-index.htm",
    "finalLink": "https://www.sec.gov/Archives/edgar/data/1000275/000119312524270294/d848219d40f.htm"
  },
  {
    "date": "2023-10-31",
    "symbol": "RY",
    "reportedCurrency": "CAD",
    "cik": "0000000000",
    "fillingDate": "2023-11-30",
    "acceptedDate": "2023-11-30 06:45:12",
    "calendarYear": "2023",
    "period": "FY",
    "revenue": 53661000000,
    "costOfRevenue": -2595000000,
    "grossProfit": 56256000000,
    "grossProfitRatio": 1.0483591435,
    "researchAndDevelopmentExpenses": 0,
    "generalAndAdministrativeExpenses": 3494000000,
    "sellingAndMarketingExpenses": 22986000000,
    "sellingGeneralAndAdministrativeExpenses": 26480000000,
    "otherExpenses": 0,
    "operatingExpenses": 26480000000,
    "costAndExpenses": 26480000000,
    "interestIncome": 86991000000,
    "interestExpense": 61862000000,
    "depreciationAndAmortization": 2870000000,
    "ebitda": 21555000000,
    "ebitdaratio": 0.401688377,
    "operatingIncome": 27181000000,
    "operatingIncomeRatio": 0.5065317456,
    "totalOtherIncomeExpensesNet": -8715000000,
    "incomeBeforeTax": 18466000000,
    "incomeBeforeTaxRatio": 0.3441232925,
    "incomeTaxExpense": 3600000000,
    "netIncome": 14859000000,
    "netIncomeRatio": 0.2769050148,
    "eps": 10.15,
    "epsdiluted": 10.32,
    "weightedAverageShsOut": 1415142857,
    "weightedAverageShsOutDil": 1392529000,
    "link": "https://www.sec.gov/Archives/edgar/data/1000275/000119312523285639/0001193125-23-285639-index.htm",
    "finalLink": "https://www.sec.gov/Archives/edgar/data/1000275/000119312523285639/d519293d40f.htm"
  },
  {
    "date": "2022-10-31",
    "symbol": "RY",
    "reportedCurrency": "CAD",
    "cik": "0000000000",
    "fillingDate": "2022-10-31",
    "acceptedDate": "2022-10-30 20:00:00",
    "calendarYear": "2022",
    "period": "FY",
    "revenue": 48775000000,
    "costOfRevenue": 0,
    "grossProfit": 48775000000,
    "grossProfitRatio": 1,
    "researchAndDevelopmentExpenses": 0,
    "generalAndAdministrativeExpenses": 18311000000,
    "sellingAndMarketingExpenses": 0,
    "sellingGeneralAndAdministrativeExpenses": 18311000000,
    "otherExpenses": -28936000000,
    "operatingExpenses": -10625000000,
    "costAndExpenses": -10625000000,
    "interestIncome": 40771000000,
    "interestExpense": 18054000000,
    "depreciationAndAmortization": 2634000000,
    "ebitda": 22633000000,
    "ebitdaratio": 0.4640287032,
    "operatingIncome": 38150000000,
    "operatingIncomeRatio": 0.7821629933,
    "totalOtherIncomeExpensesNet": -5618000000,
    "incomeBeforeTax": 20109000000,
    "incomeBeforeTaxRatio": 0.4122808816,
    "incomeTaxExpense": 4302000000,
    "netIncome": 15794000000,
    "netIncomeRatio": 0.323813429,
    "eps": 11.08,
    "epsdiluted": 11.06,
    "weightedAverageShsOut": 1403654000,
    "weightedAverageShsOutDil": 1406034000,
    "link": "https://www.sedar.com/ModifyCompanyDocumentSearchForm.do?lang=EN&company_search=Royal Bank of Canada&document_selection=0&industry_group=A&FromDate=13&FromMonth=05&FromYear=2000&ToDate=13&ToMonth=11&ToYear=2030&Variable=Issuer",
    "finalLink": "https://www.sedar.com/ModifyCompanyDocumentSearchForm.do?lang=EN&company_search=Royal Bank of Canada&document_selection=0&industry_group=A&FromDate=13&FromMonth=05&FromYear=2000&ToDate=13&ToMonth=11&ToYear=2030&Variable=Issuer"
  },
  {
    "date": "2021-10-31",
    "symbol": "RY",
    "reportedCurrency": "CAD",
    "cik": "0000000000",
    "fillingDate": "2021-10-31",
    "acceptedDate": "2021-10-30 20:00:00",
    "calendarYear": "2021",
    "period": "FY",
    "revenue": 49537000000,
    "costOfRevenue": 0,
    "grossProfit": 49537000000,
    "grossProfitRatio": 1,
    "researchAndDevelopmentExpenses": 0,
    "generalAndAdministrativeExpenses": 20430000000,
    "sellingAndMarketingExpenses": 0,
    "sellingGeneralAndAdministrativeExpenses": 20430000000,
    "otherExpenses": -49348000000,
    "operatingExpenses": -28918000000,
    "costAndExpenses": -28918000000,
    "interestIncome": 28145000000,
    "interestExpense": 8143000000,
    "depreciationAndAmortization": 2563000000,
    "ebitda": 23064000000,
    "ebitdaratio": 0.4655913761,
    "operatingIncome": 20619000000,
    "operatingIncomeRatio": 0.4162343299,
    "totalOtherIncomeExpensesNet": -7424000000,
    "incomeBeforeTax": 20631000000,
    "incomeBeforeTaxRatio": 0.4164765731,
    "incomeTaxExpense": 4581000000,
    "netIncome": 16038000000,
    "netIncomeRatio": 0.3237579991,
    "eps": 11.08,
    "epsdiluted": 11.06,
    "weightedAverageShsOut": 1424343000,
    "weightedAverageShsOutDil": 1426735000,
    "link": "https://www.sedar.com/ModifyCompanyDocumentSearchForm.do?lang=EN&company_search=Royal Bank of Canada&document_selection=0&industry_group=A&FromDate=13&FromMonth=05&FromYear=2000&ToDate=13&ToMonth=11&ToYear=2030&Variable=Issuer",
    "finalLink": "https://www.sedar.com/ModifyCompanyDocumentSearchForm.do?lang=EN&company_search=Royal Bank of Canada&document_selection=0&industry_group=A&FromDate=13&FromMonth=05&FromYear=2000&ToDate=13&ToMonth=11&ToYear=2030&Variable=Issuer"
  },
  {
    "date": "2020-10-31",
    "symbol": "RY",
    "reportedCurrency": "CAD",
    "cik": "0000000000",
    "fillingDate": "2020-10-31",
    "acceptedDate": "2020-10-30 20:00:00",
    "calendarYear": "2020",
    "period": "FY",
    "revenue": 47104000000,
    "costOfRevenue": 0,
    "grossProfit": 47104000000,
    "grossProfitRatio": 1,
    "researchAndDevelopmentExpenses": 0,
    "generalAndAdministrativeExpenses": 18935000000,
    "sellingAndMarketingExpenses": 0,
    "sellingGeneralAndAdministrativeExpenses": 18935000000,
    "otherExpenses": -51655000000,
    "operatingExpenses": -32720000000,
    "costAndExpenses": -32720000000,
    "interestIncome": 34883000000,
    "interestExpense": 14048000000,
    "depreciationAndAmortization": 2606000000,
    "ebitda": 16918000000,
    "ebitdaratio": 0.3591627038,
    "operatingIncome": 14384000000,
    "operatingIncomeRatio": 0.3053668478,
    "totalOtherIncomeExpensesNet": -7303000000,
    "incomeBeforeTax": 14389000000,
    "incomeBeforeTaxRatio": 0.3054729959,
    "incomeTaxExpense": 2952000000,
    "netIncome": 11432000000,
    "netIncomeRatio": 0.2426970109,
    "eps": 7.84,
    "epsdiluted": 7.82,
    "weightedAverageShsOut": 1423915000,
    "weightedAverageShsOutDil": 1428770000,
    "link": "https://www.sedar.com/ModifyCompanyDocumentSearchForm.do?lang=EN&company_search=Royal Bank of Canada&document_selection=0&industry_group=A&FromDate=13&FromMonth=05&FromYear=2000&ToDate=13&ToMonth=11&ToYear=2030&Variable=Issuer",
    "finalLink": "https://www.sedar.com/ModifyCompanyDocumentSearchForm.do?lang=EN&company_search=Royal Bank of Canada&document_selection=0&industry_group=A&FromDate=13&FromMonth=05&FromYear=2000&ToDate=13&ToMonth=11&ToYear=2030&Variable=Issuer"
  },
  {
    "date": "2019-10-31",
    "symbol": "RY",
    "reportedCurrency": "CAD",
    "cik": "0000000000",
    "fillingDate": "2019-10-31",
    "acceptedDate": "2019-10-30 20:00:00",
    "calendarYear": "2019",
    "period": "FY",
    "revenue": 45926000000,
    "costOfRevenue": 0,
    "grossProfit": 45926000000,
    "grossProfitRatio": 1,
    "researchAndDevelopmentExpenses": 0,
    "generalAndAdministrativeExpenses": 18685000000,
    "sellingAndMarketingExpenses": 0,
    "sellingGeneralAndAdministrativeExpenses": 18685000000,
    "otherExpenses": -48708000000,
    "operatingExpenses": -30023000000,
    "costAndExpenses": -30023000000,
    "interestIncome": 41333000000,
    "interestExpense": 21584000000,
    "depreciationAndAmortization": 1824000000,
    "ebitda": 17662000000,
    "ebitdaratio": 0.3845751862,
    "operatingIncome": 15903000000,
    "operatingIncomeRatio": 0.3462744415,
    "totalOtherIncomeExpensesNet": -7817000000,
    "incomeBeforeTax": 15914000000,
    "incomeBeforeTaxRatio": 0.3465139572,
    "incomeTaxExpense": 3043000000,
    "netIncome": 12860000000,
    "netIncomeRatio": 0.2800156774,
    "eps": 8.78,
    "epsdiluted": 8.75,
    "weightedAverageShsOut": 1434779000,
    "weightedAverageShsOutDil": 1440682000,
    "link": "https://www.sedar.com/ModifyCompanyDocumentSearchForm.do?lang=EN&company_search=Royal Bank of Canada&document_selection=0&industry_group=A&FromDate=13&FromMonth=05&FromYear=2000&ToDate=13&ToMonth=11&ToYear=2030&Variable=Issuer",
    "finalLink": "https://www.sedar.com/ModifyCompanyDocumentSearchForm.do?lang=EN&company_search=Royal Bank of Canada&document_selection=0&industry_group=A&FromDate=13&FromMonth=05&FromYear=2000&ToDate=13&ToMonth=11&ToYear=2030&Variable=Issuer"
  },
  {
    "date": "2018-10-31",
    "symbol": "RY",
    "reportedCurrency": "CAD",
    "cik": "0000000000",
    "fillingDate": "2018-10-31",
    "acceptedDate": "2018-10-30 20:00:00",
    "calendarYear": "2018",
    "period": "FY",
    "revenue": 42555000000,
    "costOfRevenue": 2716000000,
    "grossProfit": 39839000000,
    "grossProfitRatio": 0.9361767125,
    "researchAndDevelopmentExpenses": 0,
    "generalAndAdministrativeExpenses": 16452000000,
    "sellingAndMarketingExpenses": 0,
    "sellingGeneralAndAdministrativeExpenses": 16452000000,
    "otherExpenses": -23056000000,
    "operatingExpenses": -9280000000,
    "costAndExpenses": -9280000000,
    "interestIncome": 33021000000,
    "interestExpense": 14830000000,
    "depreciationAndAmortization": 1646000000,
    "ebitda": 17385000000,
    "ebitdaratio": 0.4085301375,
    "operatingIncome": 30559000000,
    "operatingIncomeRatio": 0.7181059805,
    "totalOtherIncomeExpensesNet": -6154000000,
    "incomeBeforeTax": 15760000000,
    "incomeBeforeTaxRatio": 0.3703442604,
    "incomeTaxExpense": 3329000000,
    "netIncome": 12400000000,
    "netIncomeRatio": 0.291387616,
    "eps": 8.59,
    "epsdiluted": 8.55,
    "weightedAverageShsOut": 1443894000,
    "weightedAverageShsOutDil": 1450485000,
    "link": "https://www.sedar.com/ModifyCompanyDocumentSearchForm.do?lang=EN&company_search=Royal Bank of Canada&document_selection=0&industry_group=A&FromDate=13&FromMonth=05&FromYear=2000&ToDate=13&ToMonth=11&ToYear=2030&Variable=Issuer",
    "finalLink": "https://www.sedar.com/ModifyCompanyDocumentSearchForm.do?lang=EN&company_search=Royal Bank of Canada&document_selection=0&industry_group=A&FromDate=13&FromMonth=05&FromYear=2000&ToDate=13&ToMonth=11&ToYear=2030&Variable=Issuer"
  },
  {
    "date": "2017-10-31",
    "symbol": "RY",
    "reportedCurrency": "CAD",
    "cik": "0000000000",
    "fillingDate": "2017-10-31",
    "acceptedDate": "2017-10-30 20:00:00",
    "calendarYear": "2017",
    "period": "FY",
    "revenue": 40122000000,
    "costOfRevenue": 3053000000,
    "grossProfit": 37069000000,
    "grossProfitRatio": 0.9239070834,
    "researchAndDevelopmentExpenses": 0,
    "generalAndAdministrativeExpenses": 16383000000,
    "sellingAndMarketingExpenses": 0,
    "sellingGeneralAndAdministrativeExpenses": 16383000000,
    "otherExpenses": -29057000000,
    "operatingExpenses": -12674000000,
    "costAndExpenses": -9621000000,
    "interestIncome": 26904000000,
    "interestExpense": 9764000000,
    "depreciationAndAmortization": 1615000000,
    "ebitda": 15952000000,
    "ebitdaratio": 0.3975873586,
    "operatingIncome": 24395000000,
    "operatingIncomeRatio": 0.6080205374,
    "totalOtherIncomeExpensesNet": -6270000000,
    "incomeBeforeTax": 14672000000,
    "incomeBeforeTaxRatio": 0.3656846618,
    "incomeTaxExpense": 3203000000,
    "netIncome": 11428000000,
    "netIncomeRatio": 0.2848312646,
    "eps": 7.59,
    "epsdiluted": 7.56,
    "weightedAverageShsOut": 1466988000,
    "weightedAverageShsOutDil": 1474421000,
    "link": "https://www.sedar.com/ModifyCompanyDocumentSearchForm.do?lang=EN&company_search=Royal Bank of Canada&document_selection=0&industry_group=A&FromDate=13&FromMonth=05&FromYear=2000&ToDate=13&ToMonth=11&ToYear=2030&Variable=Issuer",
    "finalLink": "https://www.sedar.com/ModifyCompanyDocumentSearchForm.do?lang=EN&company_search=Royal Bank of Canada&document_selection=0&industry_group=A&FromDate=13&FromMonth=05&FromYear=2000&ToDate=13&ToMonth=11&ToYear=2030&Variable=Issuer"
  },
  {
    "date": "2016-10-31",
    "symbol": "RY",
    "reportedCurrency": "CAD",
    "cik": "0000000000",
    "fillingDate": "2016-10-31",
    "acceptedDate": "2016-10-30 20:00:00",
    "calendarYear": "2016",
    "period": "FY",
    "revenue": 37674000000,
    "costOfRevenue": 3424000000,
    "grossProfit": 34250000000,
    "grossProfitRatio": 0.9091150395,
    "researchAndDevelopmentExpenses": 0,
    "generalAndAdministrativeExpenses": 15625000000,
    "sellingAndMarketingExpenses": 0,
    "sellingGeneralAndAdministrativeExpenses": 15625000000,
    "otherExpenses": -28708000000,
    "operatingExpenses": -13083000000,
    "costAndExpenses": -9659000000,
    "interestIncome": 24452000000,
    "interestExpense": 7921000000,
    "depreciationAndAmortization": 1543000000,
    "ebitda": 14666000000,
    "ebitdaratio": 0.3892870415,
    "operatingIncome": 21167000000,
    "operatingIncomeRatio": 0.5618463662,
    "totalOtherIncomeExpensesNet": -6544000000,
    "incomeBeforeTax": 13299000000,
    "incomeBeforeTaxRatio": 0.3530020704,
    "incomeTaxExpense": 2841000000,
    "netIncome": 10405000000,
    "netIncomeRatio": 0.2761851675,
    "eps": 6.8,
    "epsdiluted": 6.78,
    "weightedAverageShsOut": 1485876000,
    "weightedAverageShsOutDil": 1494137000,
    "link": "https://www.sedar.com/ModifyCompanyDocumentSearchForm.do?lang=EN&company_search=Royal Bank of Canada&document_selection=0&industry_group=A&FromDate=13&FromMonth=05&FromYear=2000&ToDate=13&ToMonth=11&ToYear=2030&Variable=Issuer",
    "finalLink": "https://www.sedar.com/ModifyCompanyDocumentSearchForm.do?lang=EN&company_search=Royal Bank of Canada&document_selection=0&industry_group=A&FromDate=13&FromMonth=05&FromYear=2000&ToDate=13&ToMonth=11&ToYear=2030&Variable=Issuer"
  },
  {
    "date": "2015-10-31",
    "symbol": "RY",
    "reportedCurrency": "CAD",
    "cik": "0000000000",
    "fillingDate": "2015-10-31",
    "acceptedDate": "2015-10-30 20:00:00",
    "calendarYear": "2015",
    "period": "FY",
    "revenue": 35172000000,
    "costOfRevenue": 3040000000,
    "grossProfit": 32132000000,
    "grossProfitRatio": 0.9135676106,
    "researchAndDevelopmentExpenses": 0,
    "generalAndAdministrativeExpenses": 14546000000,
    "sellingAndMarketingExpenses": 0,
    "sellingGeneralAndAdministrativeExpenses": 14546000000,
    "otherExpenses": -26198000000,
    "operatingExpenses": -11652000000,
    "costAndExpenses": -8612000000,
    "interestIncome": 22729000000,
    "interestExpense": 7958000000,
    "depreciationAndAmortization": 712000000,
    "ebitda": 13713000000,
    "ebitdaratio": 0.3898839986,
    "operatingIncome": 20480000000,
    "operatingIncomeRatio": 0.5822813602,
    "totalOtherIncomeExpensesNet": -5492000000,
    "incomeBeforeTax": 12623000000,
    "incomeBeforeTaxRatio": 0.358893438,
    "incomeTaxExpense": 2597000000,
    "netIncome": 9925000000,
    "netIncomeRatio": 0.2821846924,
    "eps": 6.75,
    "epsdiluted": 6.73,
    "weightedAverageShsOut": 1442935000,
    "weightedAverageShsOutDil": 1449509000,
    "link": "https://www.sedar.com/ModifyCompanyDocumentSearchForm.do?lang=EN&company_search=Royal Bank of Canada&document_selection=0&industry_group=A&FromDate=13&FromMonth=05&FromYear=2000&ToDate=13&ToMonth=11&ToYear=2030&Variable=Issuer",
    "finalLink": "https://www.sedar.com/ModifyCompanyDocumentSearchForm.do?lang=EN&company_search=Royal Bank of Canada&document_selection=0&industry_group=A&FromDate=13&FromMonth=05&FromYear=2000&ToDate=13&ToMonth=11&ToYear=2030&Variable=Issuer"
  }
]