[
  {
    "date": "2025-01-31",
    "symbol": "RY",
    "reportedCurrency": "CAD",
    "cik": "0000000000",
    "fillingDate": "2025-03-06",
    "acceptedDate": "2025-03-06 13:12:38",
    "calendarYear": "2025",
    "period": "Q1",
    "revenue": 16720000000,
    "costOfRevenue": 0,
    "grossProfit": 16720000000,
    "grossProfitRatio": 1,
    "researchAndDevelopmentExpenses": 0,
    "generalAndAdministrativeExpenses": 5987000000,
    "sellingAndMarketingExpenses": 0,
    "sellingGeneralAndAdministrativeExpenses": 5987000000,
    "otherExpenses": 10733000000,
    "operatingExpenses": 16720000000,
    "costAndExpenses": 16720000000,
    "interestIncome": 26455000000,
    "interestExpense": 18507000000,
    "depreciationAndAmortization": 774000000,
    "ebitda": 0,
    "ebitdaratio": 0,
    "operatingIncome": 0,
    "operatingIncomeRatio": 0,
    "totalOtherIncomeExpensesNet": 6433000000,
    "incomeBeforeTax": 6433000000,
    "incomeBeforeTaxRatio": 0.3847488038,
    "incomeTaxExpense": 1302000000,
    "netIncome": 5129000000,
    "netIncomeRatio": 0.3067583732,
    "eps": 3.45,
    "epsdiluted": 3.54,
    "weightedAverageShsOut": 1450809061,
    "weightedAverageShsOutDil": 1416149000,
    "link": "https://www.sec.gov/Archives/edgar/data/1000275/000119312525048209/0001193125-25-048209-index.htm",
    "finalLink": "https://www.sec.gov/Archives/edgar/data/1000275/000119312525048209/d889395dex991.htm"
  },
  {
    "date": "2024-10-31",
    "symbol": "RY",
    "reportedCurrency": "CAD",
    "cik": "0000000000",
    "fillingDate": "2024-12-04",
    "acceptedDate": "2024-12-04 06:26:17",
    "calendarYear": "2024",
    "period": "Q4",
    "revenue": 15063000000,
    "costOfRevenue": 0,
    "grossProfit": 15063000000,
    "grossProfitRatio": 1,
    "researchAndDevelopmentExpenses": 0,
    "generalAndAdministrativeExpenses": 5423000000,
    "sellingAndMarketingExpenses": 0,
    "sellingGeneralAndAdministrativeExpenses": 5423000000,
    "otherExpenses": 3351000000,
    "operatingExpenses": 8774000000,
    "costAndExpenses": 8774000000,
    "interestIncome": 26498000000,
    "interestExpense": 18827000000,
    "depreciationAndAmortization": 821000000,
    "ebitda": 7110000000,
    "ebitdaratio": 0.4720175264,
    "operatingIncome": 6289000000,
    "operatingIncomeRatio": 0.4175131116,
    "totalOtherIncomeExpensesNet": -1074000000,
    "incomeBeforeTax": 5215000000,
    "incomeBeforeTaxRatio": 0.3462125739,
    "incomeTaxExpense": 993000000,
    "netIncome": 4219000000,
    "netIncomeRatio": 0.2800902875,
    "eps": 2.85,
    "epsdiluted": 2.91,
    "weightedAverageShsOut": 1450809061,
    "weightedAverageShsOutDil": 1416149000,
    "link": "https://www.sec.gov/Archives/edgar/data/1000275/000119312524270294/0001193125-24-270294-index.htm",
    "finalLink": "https://www.sec.gov/Archives/edgar/data/1000275/000119312524270294/d848219d40f.htm"
  },
  {
    "date": "2024-07-31",
    "symbol": "RY",
    "reportedCurrency": "CAD",
    "cik": "0000000000",
    "fillingDate": "2024-07-31",
    "acceptedDate": "2024-07-29 20:00:00",
    "calendarYear": "2024",
    "period": "Q3",
    "revenue": 14688000000,
    "costOfRevenue": 0,
    "grossProfit": 14688000000,
    "grossProfitRatio": 1,
    "researchAndDevelopmentExpenses": 0,
    "generalAndAdministrativeExpenses": 5406000000,
    "sellingAndMarketingExpenses": 0,
    "sellingGeneralAndAdministrativeExpenses": 5406000000,
    "otherExpenses": 2999000000,
    "operatingExpenses": 8405000000,
    "costAndExpenses": 8405000000,
    "interestIncome": 27090000000,
    "interestExpense": 19763000000,
    "depreciationAndAmortization": 763000000,
    "ebitda": 7046000000,
    "ebitdaratio": 0.479711329,
    "operatingIncome": 6283000000,
    "operatingIncomeRatio": 0.4277641612,
    "totalOtherIncomeExpensesNet": -910000000,
    "incomeBeforeTax": 5373000000,
    "incomeBeforeTaxRatio": 0.3658088235,
    "incomeTaxExpense": 887000000,
    "netIncome": 4483000000,
    "netIncomeRatio": 0.3052151416,
    "eps": 3.02,
    "epsdiluted": 3.09,
    "weightedAverageShsOut": 1450809061,
    "weightedAverageShsOutDil": 1416149000,
    "link": "https://www.sedar.com/ModifyCompanyDocumentSearchForm.do?lang=EN&company_search=Royal Bank of Canada&document_selection=0&industry_group=A&FromDate=13&FromMonth=05&FromYear=2000&ToDate=13&ToMonth=11&ToYear=2030&Variable=Issuer",
    "finalLink": "https://www.sedar.com/ModifyCompanyDocumentSearchForm.do?lang=EN&company_search=Royal Bank of Canada&document_selection=0&industry_group=A&FromDate=13&FromMonth=05&FromYear=2000&ToDate=13&ToMonth=11&ToYear=2030&Variable=Issuer"
  },
  {
    "date": "2024-04-30",
    "symbol": "RY",
    "reportedCurrency": "CAD",
    "cik": "0000000000",
    "fillingDate": "2024-04-30",
    "acceptedDate": "2024-04-29 20:00:00",
    "calendarYear": "2024",
    "period": "Q2",
    "revenue": 13980000000,
    "costOfRevenue": 0,
    "grossProfit": 13980000000,
    "grossProfitRatio": 1,
    "researchAndDevelopmentExpenses": 0,
    "generalAndAdministrativeExpenses": 5091000000,
    "sellingAndMarketingExpenses": 0,
    "sellingGeneralAndAdministrativeExpenses": 5091000000,
    "otherExpenses": 2859000000,
    "operatingExpenses": 7950000000,
    "costAndExpenses": 7950000000,
    "interestIncome": 25754000000,
    "interestExpense": 19131000000,
    "depreciationAndAmortization": 723000000,
    "ebitda": 6753000000,
    "ebitdaratio": 0.4830472103,
    "operatingIncome": 6030000000,
    "operatingIncomeRatio": 0.4313304721,
    "totalOtherIncomeExpensesNet": -1104000000,
    "incomeBeforeTax": 4926000000,
    "incomeBeforeTaxRatio": 0.352360515,
    "incomeTaxExpense": 976000000,
    "netIncome": 3948000000,
    "netIncomeRatio": 0.2824034335,
    "eps": 2.75,
    "epsdiluted": 2.74,
    "weightedAverageShsOut": 1412651000,
    "weightedAverageShsOutDil": 1414166000,
    "link": "https://www.sedar.com/ModifyCompanyDocumentSearchForm.do?lang=EN&company_search=Royal Bank of Canada&document_selection=0&industry_group=A&FromDate=13&FromMonth=05&FromYear=2000&ToDate=13&ToMonth=11&ToYear=2030&Variable=Issuer",
    "finalLink": "https://www.sedar.com/ModifyCompanyDocumentSearchForm.do?lang=EN&company_search=Royal Bank of Canada&document_selection=0&industry_group=A&FromDate=13&FromMonth=05&FromYear=2000&ToDate=13&ToMonth=11&ToYear=2030&Variable=Issuer"
  },
  {
    "date": "2024-01-31",
    "symbol": "RY",
    "reportedCurrency": "CAD",
    "cik": "0000000000",
    "fillingDate": "2024-01-31",
    "acceptedDate": "2024-01-30 19:00:00",
    "calendarYear": "2024",
    "period": "Q1",
    "revenue": 13755000000,
    "costOfRevenue": 0,
    "grossProfit": 13755000000,
    "grossProfitRatio": 1,
    "researchAndDevelopmentExpenses": 0,
    "generalAndAdministrativeExpenses": 5163000000,
    "sellingAndMarketingExpenses": 0,
    "sellingGeneralAndAdministrativeExpenses": 5163000000,
    "otherExpenses": 2896000000,
    "operatingExpenses": 8059000000,
    "costAndExpenses": 8059000000,
    "interestIncome": 25609000000,
    "interestExpense": 19277000000,
    "depreciationAndAmortization": 674000000,
    "ebitda": 6370000000,
    "ebitdaratio": 0.4631043257,
    "operatingIncome": 5696000000,
    "operatingIncomeRatio": 0.4141039622,
    "totalOtherIncomeExpensesNet": -1348000000,
    "incomeBeforeTax": 4348000000,
    "incomeBeforeTaxRatio": 0.3161032352,
    "incomeTaxExpense": 766000000,
    "netIncome": 3580000000,
    "netIncomeRatio": 0.2602689931,
    "eps": 2.5,
    "epsdiluted": 2.5,
    "weightedAverageShsOut": 1406324000,
    "weightedAverageShsOutDil": 1407641000,
    "link": "https://www.sedar.com/ModifyCompanyDocumentSearchForm.do?lang=EN&company_search=Royal Bank of Canada&document_selection=0&industry_group=A&FromDate=13&FromMonth=05&FromYear=2000&ToDate=13&ToMonth=11&ToYear=2030&Variable=Issuer",
    "finalLink": "https://www.sedar.com/ModifyCompanyDocumentSearchForm.do?lang=EN&company_search=Royal Bank of Canada&document_selection=0&industry_group=A&FromDate=13&FromMonth=05&FromYear=2000&ToDate=13&ToMonth=11&ToYear=2030&Variable=Issuer"
  },
  {
    "date": "2023-10-31",
    "symbol": "RY",
    "reportedCurrency": "CAD",
    "cik": "0000000000",
    "fillingDate": "2023-10-31",
    "acceptedDate": "2023-10-30 20:00:00",
    "calendarYear": "2023",
    "period": "Q4",
    "revenue": 13249000000,
    "costOfRevenue": 0,
    "grossProfit": 13249000000,
    "grossProfitRatio": 1,
    "researchAndDevelopmentExpenses": 0,
    "generalAndAdministrativeExpenses": 4793000000,
    "sellingAndMarketingExpenses": 0,
    "sellingGeneralAndAdministrativeExpenses": 4793000000,
    "otherExpenses": -13973000000,
    "operatingExpenses": -9180000000,
    "costAndExpenses": -9180000000,
    "interestIncome": 24502000000,
    "interestExpense": 17960000000,
    "depreciationAndAmortization": 1016000000,
    "ebitda": 5310000000,
    "ebitdaratio": 0.4007849649,
    "operatingIncome": 4069000000,
    "operatingIncomeRatio": 0.3071175183,
    "totalOtherIncomeExpensesNet": -1464000000,
    "incomeBeforeTax": 4071000000,
    "incomeBeforeTaxRatio": 0.3072684731,
    "incomeTaxExpense": -60000000,
    "netIncome": 4129000000,
    "netIncomeRatio": 0.311646162,
    "eps": 2.9,
    "epsdiluted": 2.9,
    "weightedAverageShsOut": 1400511000,
    "weightedAverageShsOutDil": 1400689655,
    "link": "https://www.sedar.com/ModifyCompanyDocumentSearchForm.do?lang=EN&company_search=Royal Bank of Canada&document_selection=0&industry_group=A&FromDate=13&FromMonth=05&FromYear=2000&ToDate=13&ToMonth=11&ToYear=2030&Variable=Issuer",
    "finalLink": "https://www.sedar.com/ModifyCompanyDocumentSearchForm.do?lang=EN&company_search=Royal Bank of Canada&document_selection=0&industry_group=A&FromDate=13&FromMonth=05&FromYear=2000&ToDate=13&ToMonth=11&ToYear=2030&Variable=Issuer"
  },
  {
    "date": "2023-07-31",
    "symbol": "RY",
    "reportedCurrency": "CAD",
    "cik": "0000000000",
    "fillingDate": "2023-07-31",
    "acceptedDate": "2023-07-30 20:00:00",
    "calendarYear": "2023",
    "period": "Q3",
    "revenue": 14434000000,
    "costOfRevenue": 0,
    "grossProfit": 14434000000,
    "grossProfitRatio": 1,
    "researchAndDevelopmentExpenses": 0,
    "generalAndAdministrativeExpenses": 6173000000,
    "sellingAndMarketingExpenses": 0,
    "sellingGeneralAndAdministrativeExpenses": 6173000000,
    "otherExpenses": -15976000000,
    "operatingExpenses": -9803000000,
    "costAndExpenses": -9803000000,
    "interestIncome": 22834000000,
    "interestExpense": 16548000000,
    "depreciationAndAmortization": 693000000,
    "ebitda": 5363000000,
    "ebitdaratio": 0.371553277,
    "operatingIncome": 4631000000,
    "operatingIncomeRatio": 0.3208396841,
    "totalOtherIncomeExpensesNet": -995000000,
    "incomeBeforeTax": 4633000000,
    "incomeBeforeTaxRatio": 0.3209782458,
    "incomeTaxExpense": 761000000,
    "netIncome": 3858000000,
    "netIncomeRatio": 0.2672855757,
    "eps": 2.74,
    "epsdiluted": 2.73,
    "weightedAverageShsOut": 1393515000,
    "weightedAverageShsOutDil": 1394939000,
    "link": "https://www.sedar.com/ModifyCompanyDocumentSearchForm.do?lang=EN&company_search=Royal Bank of Canada&document_selection=0&industry_group=A&FromDate=13&FromMonth=05&FromYear=2000&ToDate=13&ToMonth=11&ToYear=2030&Variable=Issuer",
    "finalLink": "https://www.sedar.com/ModifyCompanyDocumentSearchForm.do?lang=EN&company_search=Royal Bank of Canada&document_selection=0&industry_group=A&FromDate=13&FromMonth=05&FromYear=2000&ToDate=13&ToMonth=11&ToYear=2030&Variable=Issuer"
  },
  {
    "date": "2023-04-30",
    "symbol": "RY",
    "reportedCurrency": "CAD",
    "cik": "0000000000",
    "fillingDate": "2023-04-30",
    "acceptedDate": "2023-04-29 20:00:00",
    "calendarYear": "2023",
    "period": "Q2",
    "revenue": 13508000000,
    "costOfRevenue": 0,
    "grossProfit": 13508000000,
    "grossProfitRatio": 1,
    "researchAndDevelopmentExpenses": 0,
    "generalAndAdministrativeExpenses": 5606000000,
    "sellingAndMarketingExpenses": 0,
    "sellingGeneralAndAdministrativeExpenses": 5606000000,
    "otherExpenses": -476000000,
    "operatingExpenses": 5130000000,
    "costAndExpenses": 5130000000,
    "interestIncome": 20318000000,
    "interestExpense": 14219000000,
    "depreciationAndAmortization": 694000000,
    "ebitda": 0,
    "ebitdaratio": 0,
    "operatingIncome": 18638000000,
    "operatingIncomeRatio": 1.3797749482,
    "totalOtherIncomeExpensesNet": 322000000,
    "incomeBeforeTax": 4420000000,
    "incomeBeforeTaxRatio": 0.3272135031,
    "incomeTaxExpense": 771000000,
    "netIncome": 3648000000,
    "netIncomeRatio": 0.2700621854,
    "eps": 2.58,
    "epsdiluted": 2.58,
    "weightedAverageShsOut": 1388388000,
    "weightedAverageShsOutDil": 1390149000,
    "link": "https://www.sedar.com/ModifyCompanyDocumentSearchForm.do?lang=EN&company_search=Royal Bank of Canada&document_selection=0&industry_group=A&FromDate=13&FromMonth=05&FromYear=2000&ToDate=13&ToMonth=11&ToYear=2030&Variable=Issuer",
    "finalLink": "https://www.sedar.com/ModifyCompanyDocumentSearchForm.do?lang=EN&company_search=Royal Bank of Canada&document_selection=0&industry_group=A&FromDate=13&FromMonth=05&FromYear=2000&ToDate=13&ToMonth=11&ToYear=2030&Variable=Issuer"
  },
  {
    "date": "2023-01-31",
    "symbol": "RY",
    "reportedCurrency": "CAD",
    "cik": "0000000000",
    "fillingDate": "2023-01-31",
    "acceptedDate": "2023-01-30 19:00:00",
    "calendarYear": "2023",
    "period": "Q1",
    "revenue": 15065000000,
    "costOfRevenue": 0,
    "grossProfit": 15065000000,
    "grossProfitRatio": 1,
    "researchAndDevelopmentExpenses": 0,
    "generalAndAdministrativeExpenses": 6421000000,
    "sellingAndMarketingExpenses": 0,
    "sellingGeneralAndAdministrativeExpenses": 6421000000,
    "otherExpenses": -3011000000,
    "operatingExpenses": 3410000000,
    "costAndExpenses": 3410000000,
    "interestIncome": 19337000000,
    "interestExpense": 13135000000,
    "depreciationAndAmortization": 683000000,
    "ebitda": 0,
    "ebitdaratio": 0,
    "operatingIncome": 18475000000,
    "operatingIncomeRatio": 1.2263524726,
    "totalOtherIncomeExpensesNet": 433000000,
    "incomeBeforeTax": 5342000000,
    "incomeBeforeTaxRatio": 0.3545967474,
    "incomeTaxExpense": 2128000000,
    "netIncome": 3131000000,
    "netIncomeRatio": 0.2078327249,
    "eps": 2.29,
    "epsdiluted": 2.29,
    "weightedAverageShsOut": 1382754000,
    "weightedAverageShsOutDil": 1384536000,
    "link": "https://www.sedar.com/ModifyCompanyDocumentSearchForm.do?lang=EN&company_search=Royal Bank of Canada&document_selection=0&industry_group=A&FromDate=13&FromMonth=05&FromYear=2000&ToDate=13&ToMonth=11&ToYear=2030&Variable=Issuer",
    "finalLink": "https://www.sedar.com/ModifyCompanyDocumentSearchForm.do?lang=EN&company_search=Royal Bank of Canada&document_selection=0&industry_group=A&FromDate=13&FromMonth=05&FromYear=2000&ToDate=13&ToMonth=11&ToYear=2030&Variable=Issuer"
  },
  {
    "date": "2022-10-31",
    "symbol": "RY",
    "reportedCurrency": "CAD",
    "cik": "0000000000",
    "fillingDate": "2022-10-31",
    "acceptedDate": "2022-10-30 20:00:00",
    "calendarYear": "2022",
    "period": "Q4",
    "revenue": 12543000000,
    "costOfRevenue": 0,
    "grossProfit": 12543000000,
    "grossProfitRatio": 1,
    "researchAndDevelopmentExpenses": 0,
    "generalAndAdministrativeExpenses": 4499000000,
    "sellingAndMarketingExpenses": 0,
    "sellingGeneralAndAdministrativeExpenses": 4499000000,
    "otherExpenses": -3571000000,
    "operatingExpenses": 928000000,
    "costAndExpenses": 928000000,
    "interestIncome": 14898000000,
    "interestExpense": 8616000000,
    "depreciationAndAmortization": 354000000,
    "ebitda": 0,
    "ebitdaratio": 0,
    "operatingIncome": 13471000000,
    "operatingIncomeRatio": 1.0739854899,
    "totalOtherIncomeExpensesNet": 290000000,
    "incomeBeforeTax": 4861000000,
    "incomeBeforeTaxRatio": 0.3875468389,
    "incomeTaxExpense": 979000000,
    "netIncome": 3876000000,
    "netIncomeRatio": 0.3090169816,
    "eps": 2.75,
    "epsdiluted": 2.74,
    "weightedAverageShsOut": 1386925000,
    "weightedAverageShsOutDil": 1388548000,
    "link": "https://www.sedar.com/ModifyCompanyDocumentSearchForm.do?lang=EN&company_search=Royal Bank of Canada&document_selection=0&industry_group=A&FromDate=13&FromMonth=05&FromYear=2000&ToDate=13&ToMonth=11&ToYear=2030&Variable=Issuer",
    "finalLink": "https://www.sedar.com/ModifyCompanyDocumentSearchForm.do?lang=EN&company_search=Royal Bank of Canada&document_selection=0&industry_group=A&FromDate=13&FromMonth=05&FromYear=2000&ToDate=13&ToMonth=11&ToYear=2030&Variable=Issuer"
  },
  {
    "date": "2022-07-31",
    "symbol": "RY",
    "reportedCurrency": "CAD",
    "cik": "0000000000",
    "fillingDate": "2022-07-31",
    "acceptedDate": "2022-07-30 20:00:00",
    "calendarYear": "2022",
    "period": "Q3",
    "revenue": 12088000000,
    "costOfRevenue": 0,
    "grossProfit": 12088000000,
    "grossProfitRatio": 1,
    "researchAndDevelopmentExpenses": 0,
    "generalAndAdministrativeExpenses": 4708000000,
    "sellingAndMarketingExpenses": 0,
    "sellingGeneralAndAdministrativeExpenses": 4708000000,
    "otherExpenses": 3843000000,
    "operatingExpenses": 8551000000,
    "costAndExpenses": 8551000000,
    "interestIncome": 10737000000,
    "interestExpense": 4847000000,
    "depreciationAndAmortization": 656000000,
    "ebitda": 5180000000,
    "ebitdaratio": 0.4285241562,
    "operatingIncome": 9401000000,
    "operatingIncomeRatio": 0.7777134348,
    "totalOtherIncomeExpensesNet": 283000000,
    "incomeBeforeTax": 4556000000,
    "incomeBeforeTaxRatio": 0.3769027134,
    "incomeTaxExpense": 979000000,
    "netIncome": 3575000000,
    "netIncomeRatio": 0.2957478491,
    "eps": 2.56,
    "epsdiluted": 2.56,
    "weightedAverageShsOut": 1396381000,
    "weightedAverageShsOutDil": 1398667000,
    "link": "https://www.sedar.com/ModifyCompanyDocumentSearchForm.do?lang=EN&company_search=Royal Bank of Canada&document_selection=0&industry_group=A&FromDate=13&FromMonth=05&FromYear=2000&ToDate=13&ToMonth=11&ToYear=2030&Variable=Issuer",
    "finalLink": "https://www.sedar.com/ModifyCompanyDocumentSearchForm.do?lang=EN&company_search=Royal Bank of Canada&document_selection=0&industry_group=A&FromDate=13&FromMonth=05&FromYear=2000&ToDate=13&ToMonth=11&ToYear=2030&Variable=Issuer"
  },
  {
    "date": "2022-04-30",
    "symbol": "RY",
    "reportedCurrency": "CAD",
    "cik": "0000000000",
    "fillingDate": "2022-04-30",
    "acceptedDate": "2022-04-29 20:00:00",
    "calendarYear": "2022",
    "period": "Q2",
    "revenue": 11107000000,
    "costOfRevenue": 0,
    "grossProfit": 11107000000,
    "grossProfitRatio": 1,
    "researchAndDevelopmentExpenses": 0,
    "generalAndAdministrativeExpenses": 3822000000,
    "sellingAndMarketingExpenses": 0,
    "sellingGeneralAndAdministrativeExpenses": 3822000000,
    "otherExpenses": -7140000000,
    "operatingExpenses": -3318000000,
    "costAndExpenses": -3318000000,
    "interestIncome": 7758000000,
    "interestExpense": 2484000000,
    "depreciationAndAmortization": 650000000,
    "ebitda": 5934000000,
    "ebitdaratio": 0.5342576753,
    "operatingIncome": 7789000000,
    "operatingIncomeRatio": 0.7012694697,
    "totalOtherIncomeExpensesNet": -748000000,
    "incomeBeforeTax": 5308000000,
    "incomeBeforeTaxRatio": 0.4778968218,
    "incomeTaxExpense": 1055000000,
    "netIncome": 4250000000,
    "netIncomeRatio": 0.3826415774,
    "eps": 3.01,
    "epsdiluted": 3.01,
    "weightedAverageShsOut": 1409702000,
    "weightedAverageShsOutDil": 1412552000,
    "link": "https://www.sedar.com/ModifyCompanyDocumentSearchForm.do?lang=EN&company_search=Royal Bank of Canada&document_selection=0&industry_group=A&FromDate=13&FromMonth=05&FromYear=2000&ToDate=13&ToMonth=11&ToYear=2030&Variable=Issuer",
    "finalLink": "https://www.sedar.com/ModifyCompanyDocumentSearchForm.do?lang=EN&company_search=Royal Bank of Canada&document_selection=0&industry_group=A&FromDate=13&FromMonth=05&FromYear=2000&ToDate=13&ToMonth=11&ToYear=2030&Variable=Issuer"
  },
  {
    "date": "2022-01-31",
    "symbol": "RY",
    "reportedCurrency": "CAD",
    "cik": "0000000000",
    "fillingDate": "2022-01-31",
    "acceptedDate": "2022-01-30 19:00:00",
    "calendarYear": "2022",
    "period": "Q1",
    "revenue": 13037000000,
    "costOfRevenue": 997000000,
    "grossProfit": 12040000000,
    "grossProfitRatio": 0.9235253509,
    "researchAndDevelopmentExpenses": 0,
    "generalAndAdministrativeExpenses": 5282000000,
    "sellingAndMarketingExpenses": 0,
    "sellingGeneralAndAdministrativeExpenses": 5282000000,
    "otherExpenses": -9833000000,
    "operatingExpenses": -4551000000,
    "costAndExpenses": -3554000000,
    "interestIncome": 7378000000,
    "interestExpense": 2107000000,
    "depreciationAndAmortization": 650000000,
    "ebitda": 6005000000,
    "ebitdaratio": 0.460612104,
    "operatingIncome": 7489000000,
    "operatingIncomeRatio": 0.5744419728,
    "totalOtherIncomeExpensesNet": -1858000000,
    "incomeBeforeTax": 5384000000,
    "incomeBeforeTaxRatio": 0.412978446,
    "incomeTaxExpense": 1289000000,
    "netIncome": 4093000000,
    "netIncomeRatio": 0.3139525965,
    "eps": 2.84,
    "epsdiluted": 2.84,
    "weightedAverageShsOut": 1421807000,
    "weightedAverageShsOutDil": 1424602000,
    "link": "https://www.sedar.com/ModifyCompanyDocumentSearchForm.do?lang=EN&company_search=Royal Bank of Canada&document_selection=0&industry_group=A&FromDate=13&FromMonth=05&FromYear=2000&ToDate=13&ToMonth=11&ToYear=2030&Variable=Issuer",
    "finalLink": "https://www.sedar.com/ModifyCompanyDocumentSearchForm.do?lang=EN&company_search=Royal Bank of Canada&document_selection=0&industry_group=A&FromDate=13&FromMonth=05&FromYear=2000&ToDate=13&ToMonth=11&ToYear=2030&Variable=Issuer"
  },
  {
    "date": "2021-10-31",
    "symbol": "RY",
    "reportedCurrency": "CAD",
    "cik": "0000000000",
    "fillingDate": "2021-10-31",
    "acceptedDate": "2021-10-30 20:00:00",
    "calendarYear": "2021",
    "period": "Q4",
    "revenue": 12342000000,
    "costOfRevenue": 1032000000,
    "grossProfit": 11310000000,
    "grossProfitRatio": 0.9163830822,
    "researchAndDevelopmentExpenses": 0,
    "generalAndAdministrativeExpenses": 5020000000,
    "sellingAndMarketingExpenses": 0,
    "sellingGeneralAndAdministrativeExpenses": 5020000000,
    "otherExpenses": -9394000000,
    "operatingExpenses": -4374000000,
    "costAndExpenses": -3342000000,
    "interestIncome": 7014000000,
    "interestExpense": 1953000000,
    "depreciationAndAmortization": 651000000,
    "ebitda": 5605000000,
    "ebitdaratio": 0.4541403338,
    "operatingIncome": 6936000000,
    "operatingIncomeRatio": 0.5619834711,
    "totalOtherIncomeExpensesNet": -2024000000,
    "incomeBeforeTax": 4988000000,
    "incomeBeforeTaxRatio": 0.4041484362,
    "incomeTaxExpense": 1096000000,
    "netIncome": 3887000000,
    "netIncomeRatio": 0.3149408524,
    "eps": 2.68,
    "epsdiluted": 2.67,
    "weightedAverageShsOut": 1424538000,
    "weightedAverageShsOutDil": 1427296000,
    "link": "https://www.sedar.com/ModifyCompanyDocumentSearchForm.do?lang=EN&company_search=Royal Bank of Canada&document_selection=0&industry_group=A&FromDate=13&FromMonth=05&FromYear=2000&ToDate=13&ToMonth=11&ToYear=2030&Variable=Issuer",
    "finalLink": "https://www.sedar.com/ModifyCompanyDocumentSearchForm.do?lang=EN&company_search=Royal Bank of Canada&document_selection=0&industry_group=A&FromDate=13&FromMonth=05&FromYear=2000&ToDate=13&ToMonth=11&ToYear=2030&Variable=Issuer"
  },
  {
    "date": "2021-07-31",
    "symbol": "RY",
    "reportedCurrency": "CAD",
    "cik": "0000000000",
    "fillingDate": "2021-07-31",
    "acceptedDate": "2021-07-30 20:00:00",
    "calendarYear": "2021",
    "period": "Q3",
    "revenue": 12709000000,
    "costOfRevenue": 1304000000,
    "grossProfit": 11405000000,
    "grossProfitRatio": 0.8973955465,
    "researchAndDevelopmentExpenses": 0,
    "generalAndAdministrativeExpenses": 5415000000,
    "sellingAndMarketingExpenses": 0,
    "sellingGeneralAndAdministrativeExpenses": 5415000000,
    "otherExpenses": -9307000000,
    "operatingExpenses": -3892000000,
    "costAndExpenses": -2588000000,
    "interestIncome": 6997000000,
    "interestExpense": 1945000000,
    "depreciationAndAmortization": 643000000,
    "ebitda": 6168000000,
    "ebitdaratio": 0.48532536,
    "operatingIncome": 7513000000,
    "operatingIncomeRatio": 0.5911558738,
    "totalOtherIncomeExpensesNet": -2178000000,
    "incomeBeforeTax": 5572000000,
    "incomeBeforeTaxRatio": 0.4384294594,
    "incomeTaxExpense": 1276000000,
    "netIncome": 4292000000,
    "netIncomeRatio": 0.3377134314,
    "eps": 2.97,
    "epsdiluted": 2.97,
    "weightedAverageShsOut": 1424614000,
    "weightedAverageShsOutDil": 1427198000,
    "link": "https://www.sedar.com/ModifyCompanyDocumentSearchForm.do?lang=EN&company_search=Royal Bank of Canada&document_selection=0&industry_group=A&FromDate=13&FromMonth=05&FromYear=2000&ToDate=13&ToMonth=11&ToYear=2030&Variable=Issuer",
    "finalLink": "https://www.sedar.com/ModifyCompanyDocumentSearchForm.do?lang=EN&company_search=Royal Bank of Canada&document_selection=0&industry_group=A&FromDate=13&FromMonth=05&FromYear=2000&ToDate=13&ToMonth=11&ToYear=2030&Variable=Issuer"
  },
  {
    "date": "2021-04-30",
    "symbol": "RY",
    "reportedCurrency": "CAD",
    "cik": "0000000000",
    "fillingDate": "2021-04-30",
    "acceptedDate": "2021-04-29 20:00:00",
    "calendarYear": "2021",
    "period": "Q2",
    "revenue": 11568000000,
    "costOfRevenue": 149000000,
    "grossProfit": 11419000000,
    "grossProfitRatio": 0.9871196404,
    "researchAndDevelopmentExpenses": 0,
    "generalAndAdministrativeExpenses": 4301000000,
    "sellingAndMarketingExpenses": 0,
    "sellingGeneralAndAdministrativeExpenses": 4301000000,
    "otherExpenses": -8491000000,
    "operatingExpenses": -4190000000,
    "costAndExpenses": -4041000000,
    "interestIncome": 6898000000,
    "interestExpense": 2044000000,
    "depreciationAndAmortization": 636000000,
    "ebitda": 5798000000,
    "ebitdaratio": 0.5012102351,
    "operatingIncome": 7229000000,
    "operatingIncomeRatio": 0.6249135546,
    "totalOtherIncomeExpensesNet": -963000000,
    "incomeBeforeTax": 5186000000,
    "incomeBeforeTaxRatio": 0.4483056708,
    "incomeTaxExpense": 1171000000,
    "netIncome": 4014000000,
    "netIncomeRatio": 0.3469917012,
    "eps": 2.76,
    "epsdiluted": 2.76,
    "weightedAverageShsOut": 1424889000,
    "weightedAverageShsOutDil": 1427107000,
    "link": "https://www.sedar.com/ModifyCompanyDocumentSearchForm.do?lang=EN&company_search=Royal Bank of Canada&document_selection=0&industry_group=A&FromDate=13&FromMonth=05&FromYear=2000&ToDate=13&ToMonth=11&ToYear=2030&Variable=Issuer",
    "finalLink": "https://www.sedar.com/ModifyCompanyDocumentSearchForm.do?lang=EN&company_search=Royal Bank of Canada&document_selection=0&industry_group=A&FromDate=13&FromMonth=05&FromYear=2000&ToDate=13&ToMonth=11&ToYear=2030&Variable=Issuer"
  },
  {
    "date": "2021-01-31",
    "symbol": "RY",
    "reportedCurrency": "CAD",
    "cik": "0000000000",
    "fillingDate": "2021-01-31",
    "acceptedDate": "2021-01-30 19:00:00",
    "calendarYear": "2021",
    "period": "Q1",
    "revenue": 12918000000,
    "costOfRevenue": 1406000000,
    "grossProfit": 11512000000,
    "grossProfitRatio": 0.8911596222,
    "researchAndDevelopmentExpenses": 0,
    "generalAndAdministrativeExpenses": 5694000000,
    "sellingAndMarketingExpenses": 0,
    "sellingGeneralAndAdministrativeExpenses": 5694000000,
    "otherExpenses": -10122000000,
    "operatingExpenses": -4428000000,
    "costAndExpenses": -3022000000,
    "interestIncome": 7236000000,
    "interestExpense": 2201000000,
    "depreciationAndAmortization": 634000000,
    "ebitda": 5493000000,
    "ebitdaratio": 0.4252206224,
    "operatingIncome": 7084000000,
    "operatingIncomeRatio": 0.5483821025,
    "totalOtherIncomeExpensesNet": -2259000000,
    "incomeBeforeTax": 4885000000,
    "incomeBeforeTaxRatio": 0.3781545131,
    "incomeTaxExpense": 1038000000,
    "netIncome": 3845000000,
    "netIncomeRatio": 0.2976466945,
    "eps": 2.66,
    "epsdiluted": 2.66,
    "weightedAverageShsOut": 1423350000,
    "weightedAverageShsOutDil": 1425280000,
    "link": "https://www.sedar.com/ModifyCompanyDocumentSearchForm.do?lang=EN&company_search=Royal Bank of Canada&document_selection=0&industry_group=A&FromDate=13&FromMonth=05&FromYear=2000&ToDate=13&ToMonth=11&ToYear=2030&Variable=Issuer",
    "finalLink": "https://www.sedar.com/ModifyCompanyDocumentSearchForm.do?lang=EN&company_search=Royal Bank of Canada&document_selection=0&industry_group=A&FromDate=13&FromMonth=05&FromYear=2000&ToDate=13&ToMonth=11&ToYear=2030&Variable=Issuer"
  },
  {
    "date": "2020-10-31",
    "symbol": "RY",
    "reportedCurrency": "CAD",
    "cik": "0000000000",
    "fillingDate": "2020-10-31",
    "acceptedDate": "2020-10-30 20:00:00",
    "calendarYear": "2020",
    "period": "Q4",
    "revenue": 11072000000,
    "costOfRevenue": 461000000,
    "grossProfit": 10611000000,
    "grossProfitRatio": 0.9583634393,
    "researchAndDevelopmentExpenses": 0,
    "generalAndAdministrativeExpenses": 4048000000,
    "sellingAndMarketingExpenses": 0,
    "sellingGeneralAndAdministrativeExpenses": 4048000000,
    "otherExpenses": -8059000000,
    "operatingExpenses": -4011000000,
    "costAndExpenses": -3550000000,
    "interestIncome": 7463000000,
    "interestExpense": 2453000000,
    "depreciationAndAmortization": 330000000,
    "ebitda": 4804000000,
    "ebitdaratio": 0.4338872832,
    "operatingIncome": 6600000000,
    "operatingIncomeRatio": 0.5960982659,
    "totalOtherIncomeExpensesNet": -1354000000,
    "incomeBeforeTax": 4146000000,
    "incomeBeforeTaxRatio": 0.3744580925,
    "incomeTaxExpense": 900000000,
    "netIncome": 3247000000,
    "netIncomeRatio": 0.2932622832,
    "eps": 2.23,
    "epsdiluted": 2.23,
    "weightedAverageShsOut": 1422578000,
    "weightedAverageShsOutDil": 1426466000,
    "link": "https://www.sedar.com/ModifyCompanyDocumentSearchForm.do?lang=EN&company_search=Royal Bank of Canada&document_selection=0&industry_group=A&FromDate=13&FromMonth=05&FromYear=2000&ToDate=13&ToMonth=11&ToYear=2030&Variable=Issuer",
    "finalLink": "https://www.sedar.com/ModifyCompanyDocumentSearchForm.do?lang=EN&company_search=Royal Bank of Canada&document_selection=0&industry_group=A&FromDate=13&FromMonth=05&FromYear=2000&ToDate=13&ToMonth=11&ToYear=2030&Variable=Issuer"
  },
  {
    "date": "2020-07-31",
    "symbol": "RY",
    "reportedCurrency": "CAD",
    "cik": "0000000000",
    "fillingDate": "2020-07-31",
    "acceptedDate": "2020-07-30 20:00:00",
    "calendarYear": "2020",
    "period": "Q3",
    "revenue": 12900000000,
    "costOfRevenue": 1785000000,
    "grossProfit": 11115000000,
    "grossProfitRatio": 0.861627907,
    "researchAndDevelopmentExpenses": 0,
    "generalAndAdministrativeExpenses": 5817000000,
    "sellingAndMarketingExpenses": 0,
    "sellingGeneralAndAdministrativeExpenses": 5817000000,
    "otherExpenses": -10039000000,
    "operatingExpenses": -4222000000,
    "costAndExpenses": -2437000000,
    "interestIncome": 7956000000,
    "interestExpense": 2817000000,
    "depreciationAndAmortization": 652000000,
    "ebitda": 4711000000,
    "ebitdaratio": 0.3651937984,
    "operatingIncome": 6893000000,
    "operatingIncomeRatio": 0.5343410853,
    "totalOtherIncomeExpensesNet": -2679000000,
    "incomeBeforeTax": 4080000000,
    "incomeBeforeTaxRatio": 0.3162790698,
    "incomeTaxExpense": 879000000,
    "netIncome": 3197000000,
    "netIncomeRatio": 0.2478294574,
    "eps": 2.2,
    "epsdiluted": 2.2,
    "weightedAverageShsOut": 1422705000,
    "weightedAverageShsOutDil": 1427777000,
    "link": "https://www.sedar.com/ModifyCompanyDocumentSearchForm.do?lang=EN&company_search=Royal Bank of Canada&document_selection=0&industry_group=A&FromDate=13&FromMonth=05&FromYear=2000&ToDate=13&ToMonth=11&ToYear=2030&Variable=Issuer",
    "finalLink": "https://www.sedar.com/ModifyCompanyDocumentSearchForm.do?lang=EN&company_search=Royal Bank of Canada&document_selection=0&industry_group=A&FromDate=13&FromMonth=05&FromYear=2000&ToDate=13&ToMonth=11&ToYear=2030&Variable=Issuer"
  },
  {
    "date": "2020-04-30",
    "symbol": "RY",
    "reportedCurrency": "CAD",
    "cik": "0000000000",
    "fillingDate": "2020-04-30",
    "acceptedDate": "2020-04-29 20:00:00",
    "calendarYear": "2020",
    "period": "Q2",
    "revenue": 10318000000,
    "costOfRevenue": -177000000,
    "grossProfit": 10495000000,
    "grossProfitRatio": 1.0171544873,
    "researchAndDevelopmentExpenses": 0,
    "generalAndAdministrativeExpenses": 3396000000,
    "sellingAndMarketingExpenses": 0,
    "sellingGeneralAndAdministrativeExpenses": 3396000000,
    "otherExpenses": -8389000000,
    "operatingExpenses": -4993000000,
    "costAndExpenses": -5170000000,
    "interestIncome": 9226000000,
    "interestExpense": 3761000000,
    "depreciationAndAmortization": 642000000,
    "ebitda": 0,
    "ebitdaratio": 0,
    "operatingIncome": 5502000000,
    "operatingIncomeRatio": 0.5332428765,
    "totalOtherIncomeExpensesNet": 295000000,
    "incomeBeforeTax": 1738000000,
    "incomeBeforeTaxRatio": 0.1684434968,
    "incomeTaxExpense": 257000000,
    "netIncome": 1484000000,
    "netIncomeRatio": 0.1438263229,
    "eps": 1,
    "epsdiluted": 1,
    "weightedAverageShsOut": 1422754000,
    "weightedAverageShsOutDil": 1427871000,
    "link": "https://www.sedar.com/ModifyCompanyDocumentSearchForm.do?lang=EN&company_search=Royal Bank of Canada&document_selection=0&industry_group=A&FromDate=13&FromMonth=05&FromYear=2000&ToDate=13&ToMonth=11&ToYear=2030&Variable=Issuer",
    "finalLink": "https://www.sedar.com/ModifyCompanyDocumentSearchForm.do?lang=EN&company_search=Royal Bank of Canada&document_selection=0&industry_group=A&FromDate=13&FromMonth=05&FromYear=2000&ToDate=13&ToMonth=11&ToYear=2030&Variable=Issuer"
  }
]