[
  {
    "date": "2025-01-31",
    "symbol": "INTU",
    "reportedCurrency": "USD",
    "cik": "0000896878",
    "fillingDate": "2025-02-25",
    "acceptedDate": "2025-02-25 16:11:24",
    "calendarYear": "2025",
    "period": "Q2",
    "revenue": 3963000000,
    "costOfRevenue": 880000000,
    "grossProfit": 3083000000,
    "grossProfitRatio": 0.7779460005,
    "researchAndDevelopmentExpenses": 716000000,
    "generalAndAdministrativeExpenses": 389000000,
    "sellingAndMarketingExpenses": 1204000000,
    "sellingGeneralAndAdministrativeExpenses": 1593000000,
    "otherExpenses": 181000000,
    "operatingExpenses": 2490000000,
    "costAndExpenses": 3370000000,
    "interestIncome": 34000000,
    "interestExpense": 60000000,
    "depreciationAndAmortization": 199000000,
    "ebitda": 830000000,
    "ebitdaratio": 0.209437295,
    "operatingIncome": 593000000,
    "operatingIncomeRatio": 0.1496341156,
    "totalOtherIncomeExpensesNet": -22000000,
    "incomeBeforeTax": 571000000,
    "incomeBeforeTaxRatio": 0.1440827656,
    "incomeTaxExpense": 100000000,
    "netIncome": 471000000,
    "netIncomeRatio": 0.1188493565,
    "eps": 1.68,
    "epsdiluted": 1.66,
    "weightedAverageShsOut": 280000000,
    "weightedAverageShsOutDil": 283000000,
    "link": "https://www.sec.gov/Archives/edgar/data/896878/000089687825000015/0000896878-25-000015-index.htm",
    "finalLink": "https://www.sec.gov/Archives/edgar/data/896878/000089687825000015/intu-20250131.htm"
  },
  {
    "date": "2024-10-31",
    "symbol": "INTU",
    "reportedCurrency": "USD",
    "cik": "0000896878",
    "fillingDate": "2024-11-21",
    "acceptedDate": "2024-11-21 16:17:51",
    "calendarYear": "2025",
    "period": "Q1",
    "revenue": 3283000000,
    "costOfRevenue": 772000000,
    "grossProfit": 2511000000,
    "grossProfitRatio": 0.7648492233,
    "researchAndDevelopmentExpenses": 704000000,
    "generalAndAdministrativeExpenses": 394000000,
    "sellingAndMarketingExpenses": 962000000,
    "sellingGeneralAndAdministrativeExpenses": 1356000000,
    "otherExpenses": 180000000,
    "operatingExpenses": 2240000000,
    "costAndExpenses": 3012000000,
    "interestIncome": 42000000,
    "interestExpense": 62000000,
    "depreciationAndAmortization": 0,
    "ebitda": 271000000,
    "ebitdaratio": 0.0825464514,
    "operatingIncome": 271000000,
    "operatingIncomeRatio": 0.0825464514,
    "totalOtherIncomeExpensesNet": -58000000,
    "incomeBeforeTax": 213000000,
    "incomeBeforeTaxRatio": 0.0648796832,
    "incomeTaxExpense": 16000000,
    "netIncome": 197000000,
    "netIncomeRatio": 0.060006092,
    "eps": 0.7,
    "epsdiluted": 0.7,
    "weightedAverageShsOut": 280000000,
    "weightedAverageShsOutDil": 283000000,
    "link": "https://www.sec.gov/Archives/edgar/data/896878/000089687824000053/0000896878-24-000053-index.htm",
    "finalLink": "https://www.sec.gov/Archives/edgar/data/896878/000089687824000053/intu-20241031.htm"
  },
  {
    "date": "2024-07-31",
    "symbol": "INTU",
    "reportedCurrency": "USD",
    "cik": "0000896878",
    "fillingDate": "2024-09-04",
    "acceptedDate": "2024-09-04 18:26:27",
    "calendarYear": "2024",
    "period": "Q4",
    "revenue": 3184000000,
    "costOfRevenue": 783000000,
    "grossProfit": 2401000000,
    "grossProfitRatio": 0.7540829146,
    "researchAndDevelopmentExpenses": 725000000,
    "generalAndAdministrativeExpenses": 377000000,
    "sellingAndMarketingExpenses": 1104000000,
    "sellingGeneralAndAdministrativeExpenses": 1481000000,
    "otherExpenses": 346000000,
    "operatingExpenses": 2887000000,
    "costAndExpenses": 3335000000,
    "interestIncome": 59000000,
    "interestExpense": 61000000,
    "depreciationAndAmortization": 208000000,
    "ebitda": 128000000,
    "ebitdaratio": 0.040201005,
    "operatingIncome": -151000000,
    "operatingIncomeRatio": -0.0474246231,
    "totalOtherIncomeExpensesNet": 11000000,
    "incomeBeforeTax": -140000000,
    "incomeBeforeTaxRatio": -0.0439698492,
    "incomeTaxExpense": -120000000,
    "netIncome": -20000000,
    "netIncomeRatio": -0.006281407,
    "eps": -0.0714,
    "epsdiluted": -0.0714,
    "weightedAverageShsOut": 280000000,
    "weightedAverageShsOutDil": 280000000,
    "link": "https://www.sec.gov/Archives/edgar/data/896878/000089687824000039/0000896878-24-000039-index.htm",
    "finalLink": "https://www.sec.gov/Archives/edgar/data/896878/000089687824000039/intu-20240731.htm"
  },
  {
    "date": "2024-04-30",
    "symbol": "INTU",
    "reportedCurrency": "USD",
    "cik": "0000896878",
    "fillingDate": "2024-05-23",
    "acceptedDate": "2024-05-23 16:14:03",
    "calendarYear": "2024",
    "period": "Q3",
    "revenue": 6737000000,
    "costOfRevenue": 1187000000,
    "grossProfit": 5550000000,
    "grossProfitRatio": 0.823808817,
    "researchAndDevelopmentExpenses": 671000000,
    "generalAndAdministrativeExpenses": 350000000,
    "sellingAndMarketingExpenses": 1419000000,
    "sellingGeneralAndAdministrativeExpenses": 1774000000,
    "otherExpenses": 173000000,
    "operatingExpenses": 2445000000,
    "costAndExpenses": 3632000000,
    "interestIncome": 34000000,
    "interestExpense": 72000000,
    "depreciationAndAmortization": 198000000,
    "ebitda": 3303000000,
    "ebitdaratio": 0.4902775716,
    "operatingIncome": 3105000000,
    "operatingIncomeRatio": 0.4608876354,
    "totalOtherIncomeExpensesNet": -33000000,
    "incomeBeforeTax": 3072000000,
    "incomeBeforeTaxRatio": 0.4559893128,
    "incomeTaxExpense": 683000000,
    "netIncome": 2389000000,
    "netIncomeRatio": 0.3546088764,
    "eps": 8.53,
    "epsdiluted": 8.41,
    "weightedAverageShsOut": 280000000,
    "weightedAverageShsOutDil": 284000000,
    "link": "https://www.sec.gov/Archives/edgar/data/896878/000089687824000026/0000896878-24-000026-index.htm",
    "finalLink": "https://www.sec.gov/Archives/edgar/data/896878/000089687824000026/intu-20240430.htm"
  },
  {
    "date": "2024-01-31",
    "symbol": "INTU",
    "reportedCurrency": "USD",
    "cik": "0000896878",
    "fillingDate": "2024-02-22",
    "acceptedDate": "2024-02-22 16:09:42",
    "calendarYear": "2024",
    "period": "Q2",
    "revenue": 3386000000,
    "costOfRevenue": 855000000,
    "grossProfit": 2531000000,
    "grossProfitRatio": 0.7474896633,
    "researchAndDevelopmentExpenses": 678000000,
    "generalAndAdministrativeExpenses": 344000000,
    "sellingAndMarketingExpenses": 1020000000,
    "sellingGeneralAndAdministrativeExpenses": 1364000000,
    "otherExpenses": 179000000,
    "operatingExpenses": 2162000000,
    "costAndExpenses": 3017000000,
    "interestIncome": 22000000,
    "interestExpense": 57000000,
    "depreciationAndAmortization": 192000000,
    "ebitda": 603000000,
    "ebitdaratio": 0.1780862374,
    "operatingIncome": 369000000,
    "operatingIncomeRatio": 0.1089781453,
    "totalOtherIncomeExpensesNet": -15000000,
    "incomeBeforeTax": 354000000,
    "incomeBeforeTaxRatio": 0.1045481394,
    "incomeTaxExpense": 1000000,
    "netIncome": 353000000,
    "netIncomeRatio": 0.1042528057,
    "eps": 1.26,
    "epsdiluted": 1.24,
    "weightedAverageShsOut": 280000000,
    "weightedAverageShsOutDil": 284000000,
    "link": "https://www.sec.gov/Archives/edgar/data/896878/000089687824000011/0000896878-24-000011-index.htm",
    "finalLink": "https://www.sec.gov/Archives/edgar/data/896878/000089687824000011/intu-20240131.htm"
  },
  {
    "date": "2023-10-31",
    "symbol": "INTU",
    "reportedCurrency": "USD",
    "cik": "0000896878",
    "fillingDate": "2023-11-28",
    "acceptedDate": "2023-11-28 16:17:02",
    "calendarYear": "2024",
    "period": "Q1",
    "revenue": 2978000000,
    "costOfRevenue": 760000000,
    "grossProfit": 2218000000,
    "grossProfitRatio": 0.7447951645,
    "researchAndDevelopmentExpenses": 680000000,
    "generalAndAdministrativeExpenses": 342000000,
    "sellingAndMarketingExpenses": 769000000,
    "sellingGeneralAndAdministrativeExpenses": 1111000000,
    "otherExpenses": 173000000,
    "operatingExpenses": 1911000000,
    "costAndExpenses": 2671000000,
    "interestIncome": 36000000,
    "interestExpense": 79000000,
    "depreciationAndAmortization": 191000000,
    "ebitda": 520000000,
    "ebitdaratio": 0.1746138348,
    "operatingIncome": 307000000,
    "operatingIncomeRatio": 0.1030893217,
    "totalOtherIncomeExpensesNet": -43000000,
    "incomeBeforeTax": 264000000,
    "incomeBeforeTaxRatio": 0.0886501007,
    "incomeTaxExpense": 23000000,
    "netIncome": 241000000,
    "netIncomeRatio": 0.0809267965,
    "eps": 0.86,
    "epsdiluted": 0.85,
    "weightedAverageShsOut": 280000000,
    "weightedAverageShsOutDil": 283000000,
    "link": "https://www.sec.gov/Archives/edgar/data/896878/000089687823000041/0000896878-23-000041-index.htm",
    "finalLink": "https://www.sec.gov/Archives/edgar/data/896878/000089687823000041/intu-20231031.htm"
  },
  {
    "date": "2023-07-31",
    "symbol": "INTU",
    "reportedCurrency": "USD",
    "cik": "0000896878",
    "fillingDate": "2023-09-01",
    "acceptedDate": "2023-09-01 16:08:03",
    "calendarYear": "2023",
    "period": "Q4",
    "revenue": 2712000000,
    "costOfRevenue": 713000000,
    "grossProfit": 1999000000,
    "grossProfitRatio": 0.7370943953,
    "researchAndDevelopmentExpenses": 680000000,
    "generalAndAdministrativeExpenses": 460000000,
    "sellingAndMarketingExpenses": 721000000,
    "sellingGeneralAndAdministrativeExpenses": 1181000000,
    "otherExpenses": 818000000,
    "operatingExpenses": 1982000000,
    "costAndExpenses": 2695000000,
    "interestIncome": 46000000,
    "interestExpense": 68000000,
    "depreciationAndAmortization": 195000000,
    "ebitda": 258000000,
    "ebitdaratio": 0.0951327434,
    "operatingIncome": 17000000,
    "operatingIncomeRatio": 0.0062684366,
    "totalOtherIncomeExpensesNet": -22000000,
    "incomeBeforeTax": -5000000,
    "incomeBeforeTaxRatio": -0.0018436578,
    "incomeTaxExpense": -94000000,
    "netIncome": 89000000,
    "netIncomeRatio": 0.0328171091,
    "eps": 0.32,
    "epsdiluted": 0.31,
    "weightedAverageShsOut": 280000000,
    "weightedAverageShsOutDil": 283000000,
    "link": "https://www.sec.gov/Archives/edgar/data/896878/000089687823000034/0000896878-23-000034-index.htm",
    "finalLink": "https://www.sec.gov/Archives/edgar/data/896878/000089687823000034/intu-20230731.htm"
  },
  {
    "date": "2023-04-30",
    "symbol": "INTU",
    "reportedCurrency": "USD",
    "cik": "0000896878",
    "fillingDate": "2023-05-23",
    "acceptedDate": "2023-05-23 16:03:14",
    "calendarYear": "2023",
    "period": "Q3",
    "revenue": 6018000000,
    "costOfRevenue": 981000000,
    "grossProfit": 5037000000,
    "grossProfitRatio": 0.8369890329,
    "researchAndDevelopmentExpenses": 604000000,
    "generalAndAdministrativeExpenses": 332000000,
    "sellingAndMarketingExpenses": 1203000000,
    "sellingGeneralAndAdministrativeExpenses": 1535000000,
    "otherExpenses": 120000000,
    "operatingExpenses": 2259000000,
    "costAndExpenses": 3240000000,
    "interestIncome": 28000000,
    "interestExpense": 66000000,
    "depreciationAndAmortization": 193000000,
    "ebitda": 2993000000,
    "ebitdaratio": 0.4973413094,
    "operatingIncome": 2778000000,
    "operatingIncomeRatio": 0.4616151545,
    "totalOtherIncomeExpensesNet": -44000000,
    "incomeBeforeTax": 2734000000,
    "incomeBeforeTaxRatio": 0.4543037554,
    "incomeTaxExpense": 647000000,
    "netIncome": 2087000000,
    "netIncomeRatio": 0.3467929545,
    "eps": 7.43,
    "epsdiluted": 7.37,
    "weightedAverageShsOut": 281000000,
    "weightedAverageShsOutDil": 283000000,
    "link": "https://www.sec.gov/Archives/edgar/data/896878/000089687823000020/0000896878-23-000020-index.htm",
    "finalLink": "https://www.sec.gov/Archives/edgar/data/896878/000089687823000020/intu-20230430.htm"
  },
  {
    "date": "2023-01-31",
    "symbol": "INTU",
    "reportedCurrency": "USD",
    "cik": "0000896878",
    "fillingDate": "2023-02-23",
    "acceptedDate": "2023-02-23 16:19:24",
    "calendarYear": "2023",
    "period": "Q2",
    "revenue": 3041000000,
    "costOfRevenue": 773000000,
    "grossProfit": 2268000000,
    "grossProfitRatio": 0.7458073002,
    "researchAndDevelopmentExpenses": 630000000,
    "generalAndAdministrativeExpenses": 323000000,
    "sellingAndMarketingExpenses": 924000000,
    "sellingGeneralAndAdministrativeExpenses": 1247000000,
    "otherExpenses": 121000000,
    "operatingExpenses": 1998000000,
    "costAndExpenses": 2771000000,
    "interestIncome": 23000000,
    "interestExpense": 65000000,
    "depreciationAndAmortization": 209000000,
    "ebitda": 502000000,
    "ebitdaratio": 0.1650772772,
    "operatingIncome": 270000000,
    "operatingIncomeRatio": 0.0887865834,
    "totalOtherIncomeExpensesNet": -42000000,
    "incomeBeforeTax": 228000000,
    "incomeBeforeTaxRatio": 0.0749753371,
    "incomeTaxExpense": 60000000,
    "netIncome": 168000000,
    "netIncomeRatio": 0.0552449852,
    "eps": 0.6,
    "epsdiluted": 0.6,
    "weightedAverageShsOut": 281000000,
    "weightedAverageShsOutDil": 282000000,
    "link": "https://www.sec.gov/Archives/edgar/data/896878/000089687823000010/0000896878-23-000010-index.htm",
    "finalLink": "https://www.sec.gov/Archives/edgar/data/896878/000089687823000010/intu-20230131.htm"
  },
  {
    "date": "2022-10-31",
    "symbol": "INTU",
    "reportedCurrency": "USD",
    "cik": "0000896878",
    "fillingDate": "2022-11-29",
    "acceptedDate": "2022-11-29 16:02:57",
    "calendarYear": "2023",
    "period": "Q1",
    "revenue": 2597000000,
    "costOfRevenue": 676000000,
    "grossProfit": 1921000000,
    "grossProfitRatio": 0.7396996534,
    "researchAndDevelopmentExpenses": 625000000,
    "generalAndAdministrativeExpenses": 304000000,
    "sellingAndMarketingExpenses": 795000000,
    "sellingGeneralAndAdministrativeExpenses": 1099000000,
    "otherExpenses": 121000000,
    "operatingExpenses": 1845000000,
    "costAndExpenses": 2521000000,
    "interestIncome": 14000000,
    "interestExpense": 49000000,
    "depreciationAndAmortization": 209000000,
    "ebitda": 290000000,
    "ebitdaratio": 0.1116673084,
    "operatingIncome": 76000000,
    "operatingIncomeRatio": 0.029264536,
    "totalOtherIncomeExpensesNet": -44000000,
    "incomeBeforeTax": 32000000,
    "incomeBeforeTaxRatio": 0.0123219099,
    "incomeTaxExpense": -8000000,
    "netIncome": 40000000,
    "netIncomeRatio": 0.0154023874,
    "eps": 0.14,
    "epsdiluted": 0.14,
    "weightedAverageShsOut": 281000000,
    "weightedAverageShsOutDil": 284000000,
    "link": "https://www.sec.gov/Archives/edgar/data/896878/000089687822000036/0000896878-22-000036-index.htm",
    "finalLink": "https://www.sec.gov/Archives/edgar/data/896878/000089687822000036/intu-20221031.htm"
  },
  {
    "date": "2022-07-31",
    "symbol": "INTU",
    "reportedCurrency": "USD",
    "cik": "0000896878",
    "fillingDate": "2022-09-02",
    "acceptedDate": "2022-09-02 17:09:05",
    "calendarYear": "2022",
    "period": "Q4",
    "revenue": 2414000000,
    "costOfRevenue": 600000000,
    "grossProfit": 1814000000,
    "grossProfitRatio": 0.7514498757,
    "researchAndDevelopmentExpenses": 627000000,
    "generalAndAdministrativeExpenses": 334000000,
    "sellingAndMarketingExpenses": 807000000,
    "sellingGeneralAndAdministrativeExpenses": 1141000000,
    "otherExpenses": 121000000,
    "operatingExpenses": 1889000000,
    "costAndExpenses": 2489000000,
    "interestIncome": 8000000,
    "interestExpense": 32000000,
    "depreciationAndAmortization": 208000000,
    "ebitda": 141000000,
    "ebitdaratio": 0.0584092792,
    "operatingIncome": -67000000,
    "operatingIncomeRatio": -0.0277547639,
    "totalOtherIncomeExpensesNet": -24000000,
    "incomeBeforeTax": -99000000,
    "incomeBeforeTaxRatio": -0.0410107705,
    "incomeTaxExpense": -43000000,
    "netIncome": -56000000,
    "netIncomeRatio": -0.0231980116,
    "eps": -0.2,
    "epsdiluted": -0.2,
    "weightedAverageShsOut": 278028775,
    "weightedAverageShsOutDil": 282000000,
    "link": "https://www.sec.gov/Archives/edgar/data/896878/000089687822000028/0000896878-22-000028-index.htm",
    "finalLink": "https://www.sec.gov/Archives/edgar/data/896878/000089687822000028/intu-20220731.htm"
  },
  {
    "date": "2022-04-30",
    "symbol": "INTU",
    "reportedCurrency": "USD",
    "cik": "0000896878",
    "fillingDate": "2022-05-24",
    "acceptedDate": "2022-05-24 16:04:31",
    "calendarYear": "2022",
    "period": "Q3",
    "revenue": 5632000000,
    "costOfRevenue": 824000000,
    "grossProfit": 4808000000,
    "grossProfitRatio": 0.8536931818,
    "researchAndDevelopmentExpenses": 600000000,
    "generalAndAdministrativeExpenses": 465000000,
    "sellingAndMarketingExpenses": 1227000000,
    "sellingGeneralAndAdministrativeExpenses": 1692000000,
    "otherExpenses": 121000000,
    "operatingExpenses": 2413000000,
    "costAndExpenses": 3237000000,
    "interestIncome": 2000000,
    "interestExpense": 21000000,
    "depreciationAndAmortization": 209000000,
    "ebitda": 2603000000,
    "ebitdaratio": 0.4621803977,
    "operatingIncome": 2395000000,
    "operatingIncomeRatio": 0.4252485795,
    "totalOtherIncomeExpensesNet": -22000000,
    "incomeBeforeTax": 2373000000,
    "incomeBeforeTaxRatio": 0.4213423295,
    "incomeTaxExpense": 579000000,
    "netIncome": 1794000000,
    "netIncomeRatio": 0.3185369318,
    "eps": 6.36,
    "epsdiluted": 6.27,
    "weightedAverageShsOut": 282000000,
    "weightedAverageShsOutDil": 286000000,
    "link": "https://www.sec.gov/Archives/edgar/data/896878/000089687822000021/0000896878-22-000021-index.htm",
    "finalLink": "https://www.sec.gov/Archives/edgar/data/896878/000089687822000021/intu-20220430.htm"
  },
  {
    "date": "2022-01-31",
    "symbol": "INTU",
    "reportedCurrency": "USD",
    "cik": "0000896878",
    "fillingDate": "2022-03-02",
    "acceptedDate": "2022-03-02 15:03:42",
    "calendarYear": "2022",
    "period": "Q2",
    "revenue": 2673000000,
    "costOfRevenue": 565000000,
    "grossProfit": 2108000000,
    "grossProfitRatio": 0.7886270108,
    "researchAndDevelopmentExpenses": 590000000,
    "generalAndAdministrativeExpenses": 399000000,
    "sellingAndMarketingExpenses": 942000000,
    "sellingGeneralAndAdministrativeExpenses": 1341000000,
    "otherExpenses": -5000000,
    "operatingExpenses": 2052000000,
    "costAndExpenses": 2617000000,
    "interestIncome": 0,
    "interestExpense": 26000000,
    "depreciationAndAmortization": 215000000,
    "ebitda": 266000000,
    "ebitdaratio": 0.0995136551,
    "operatingIncome": 56000000,
    "operatingIncomeRatio": 0.0209502432,
    "totalOtherIncomeExpensesNet": -26000000,
    "incomeBeforeTax": 30000000,
    "incomeBeforeTaxRatio": 0.0112233446,
    "incomeTaxExpense": -70000000,
    "netIncome": 100000000,
    "netIncomeRatio": 0.0374111485,
    "eps": 0.35,
    "epsdiluted": 0.35,
    "weightedAverageShsOut": 283000000,
    "weightedAverageShsOutDil": 287000000,
    "link": "https://www.sec.gov/Archives/edgar/data/896878/000089687822000010/0000896878-22-000010-index.htm",
    "finalLink": "https://www.sec.gov/Archives/edgar/data/896878/000089687822000010/intu-20220131.htm"
  },
  {
    "date": "2021-10-31",
    "symbol": "INTU",
    "reportedCurrency": "USD",
    "cik": "0000896878",
    "fillingDate": "2021-11-18",
    "acceptedDate": "2021-11-18 16:36:00",
    "calendarYear": "2022",
    "period": "Q1",
    "revenue": 2007000000,
    "costOfRevenue": 417000000,
    "grossProfit": 1590000000,
    "grossProfitRatio": 0.7922272048,
    "researchAndDevelopmentExpenses": 530000000,
    "generalAndAdministrativeExpenses": 262000000,
    "sellingAndMarketingExpenses": 550000000,
    "sellingGeneralAndAdministrativeExpenses": 812000000,
    "otherExpenses": 45000000,
    "operatingExpenses": 1395000000,
    "costAndExpenses": 1812000000,
    "interestIncome": 5000000,
    "interestExpense": 7000000,
    "depreciationAndAmortization": 114000000,
    "ebitda": 359000000,
    "ebitdaratio": 0.1788739412,
    "operatingIncome": 195000000,
    "operatingIncomeRatio": 0.0971599402,
    "totalOtherIncomeExpensesNet": 43000000,
    "incomeBeforeTax": 238000000,
    "incomeBeforeTaxRatio": 0.1185849527,
    "incomeTaxExpense": 10000000,
    "netIncome": 228000000,
    "netIncomeRatio": 0.1136023916,
    "eps": 0.84,
    "epsdiluted": 0.82,
    "weightedAverageShsOut": 273000000,
    "weightedAverageShsOutDil": 277000000,
    "link": "https://www.sec.gov/Archives/edgar/data/896878/000089687821000260/0000896878-21-000260-index.htm",
    "finalLink": "https://www.sec.gov/Archives/edgar/data/896878/000089687821000260/intu-20211031.htm"
  },
  {
    "date": "2021-07-31",
    "symbol": "INTU",
    "reportedCurrency": "USD",
    "cik": "0000896878",
    "fillingDate": "2021-09-08",
    "acceptedDate": "2021-09-08 16:09:57",
    "calendarYear": "2021",
    "period": "Q4",
    "revenue": 2561000000,
    "costOfRevenue": 465000000,
    "grossProfit": 2096000000,
    "grossProfitRatio": 0.8184303007,
    "researchAndDevelopmentExpenses": 521000000,
    "generalAndAdministrativeExpenses": 274000000,
    "sellingAndMarketingExpenses": 845000000,
    "sellingGeneralAndAdministrativeExpenses": 1119000000,
    "otherExpenses": 5000000,
    "operatingExpenses": 1694000000,
    "costAndExpenses": 2159000000,
    "interestIncome": 8000000,
    "interestExpense": 7000000,
    "depreciationAndAmortization": 113000000,
    "ebitda": 523000000,
    "ebitdaratio": 0.2042171027,
    "operatingIncome": 402000000,
    "operatingIncomeRatio": 0.1569699336,
    "totalOtherIncomeExpensesNet": 1000000,
    "incomeBeforeTax": 403000000,
    "incomeBeforeTaxRatio": 0.1573604061,
    "incomeTaxExpense": 23000000,
    "netIncome": 380000000,
    "netIncomeRatio": 0.1483795392,
    "eps": 1.39,
    "epsdiluted": 1.37,
    "weightedAverageShsOut": 273000000,
    "weightedAverageShsOutDil": 277000000,
    "link": "https://www.sec.gov/Archives/edgar/data/896878/000089687821000233/0000896878-21-000233-index.htm",
    "finalLink": "https://www.sec.gov/Archives/edgar/data/896878/000089687821000233/intu-20210731.htm"
  },
  {
    "date": "2021-04-30",
    "symbol": "INTU",
    "reportedCurrency": "USD",
    "cik": "0000896878",
    "fillingDate": "2021-05-25",
    "acceptedDate": "2021-05-25 16:06:47",
    "calendarYear": "2021",
    "period": "Q3",
    "revenue": 4173000000,
    "costOfRevenue": 595000000,
    "grossProfit": 3578000000,
    "grossProfitRatio": 0.8574167266,
    "researchAndDevelopmentExpenses": 464000000,
    "generalAndAdministrativeExpenses": 289000000,
    "sellingAndMarketingExpenses": 857000000,
    "sellingGeneralAndAdministrativeExpenses": 1146000000,
    "otherExpenses": 11000000,
    "operatingExpenses": 1664000000,
    "costAndExpenses": 2259000000,
    "interestIncome": 3000000,
    "interestExpense": 7000000,
    "depreciationAndAmortization": 113000000,
    "ebitda": 2041000000,
    "ebitdaratio": 0.4890965732,
    "operatingIncome": 1914000000,
    "operatingIncomeRatio": 0.4586628325,
    "totalOtherIncomeExpensesNet": 7000000,
    "incomeBeforeTax": 1921000000,
    "incomeBeforeTaxRatio": 0.4603402828,
    "incomeTaxExpense": 457000000,
    "netIncome": 1464000000,
    "netIncomeRatio": 0.3508267434,
    "eps": 5.36,
    "epsdiluted": 5.3,
    "weightedAverageShsOut": 273000000,
    "weightedAverageShsOutDil": 276000000,
    "link": "https://www.sec.gov/Archives/edgar/data/896878/000089687821000115/0000896878-21-000115-index.htm",
    "finalLink": "https://www.sec.gov/Archives/edgar/data/896878/000089687821000115/intu-20210430.htm"
  },
  {
    "date": "2021-01-31",
    "symbol": "INTU",
    "reportedCurrency": "USD",
    "cik": "0000896878",
    "fillingDate": "2021-02-23",
    "acceptedDate": "2021-02-23 16:09:29",
    "calendarYear": "2021",
    "period": "Q2",
    "revenue": 1576000000,
    "costOfRevenue": 367000000,
    "grossProfit": 1209000000,
    "grossProfitRatio": 0.7671319797,
    "researchAndDevelopmentExpenses": 368000000,
    "generalAndAdministrativeExpenses": 250000000,
    "sellingAndMarketingExpenses": 580000000,
    "sellingGeneralAndAdministrativeExpenses": 830000000,
    "otherExpenses": 52000000,
    "operatingExpenses": 1234000000,
    "costAndExpenses": 1601000000,
    "interestIncome": 2000000,
    "interestExpense": 7000000,
    "depreciationAndAmortization": 91000000,
    "ebitda": 120000000,
    "ebitdaratio": 0.076142132,
    "operatingIncome": -25000000,
    "operatingIncomeRatio": -0.0158629442,
    "totalOtherIncomeExpensesNet": 47000000,
    "incomeBeforeTax": 22000000,
    "incomeBeforeTaxRatio": 0.0139593909,
    "incomeTaxExpense": 2000000,
    "netIncome": 20000000,
    "netIncomeRatio": 0.0126903553,
    "eps": 0.07,
    "epsdiluted": 0.07,
    "weightedAverageShsOut": 270000000,
    "weightedAverageShsOutDil": 273000000,
    "link": "https://www.sec.gov/Archives/edgar/data/896878/000089687821000059/0000896878-21-000059-index.htm",
    "finalLink": "https://www.sec.gov/Archives/edgar/data/896878/000089687821000059/intu-20210131.htm"
  },
  {
    "date": "2020-10-31",
    "symbol": "INTU",
    "reportedCurrency": "USD",
    "cik": "0000896878",
    "fillingDate": "2020-11-19",
    "acceptedDate": "2020-11-19 16:07:05",
    "calendarYear": "2021",
    "period": "Q1",
    "revenue": 1323000000,
    "costOfRevenue": 256000000,
    "grossProfit": 1067000000,
    "grossProfitRatio": 0.8065003779,
    "researchAndDevelopmentExpenses": 325000000,
    "generalAndAdministrativeExpenses": 169000000,
    "sellingAndMarketingExpenses": 362000000,
    "sellingGeneralAndAdministrativeExpenses": 531000000,
    "otherExpenses": 6000000,
    "operatingExpenses": 858000000,
    "costAndExpenses": 1114000000,
    "interestIncome": 3000000,
    "interestExpense": 8000000,
    "depreciationAndAmortization": 46000000,
    "ebitda": 264000000,
    "ebitdaratio": 0.1995464853,
    "operatingIncome": 209000000,
    "operatingIncomeRatio": 0.1579743008,
    "totalOtherIncomeExpensesNet": 1000000,
    "incomeBeforeTax": 210000000,
    "incomeBeforeTaxRatio": 0.1587301587,
    "incomeTaxExpense": 12000000,
    "netIncome": 198000000,
    "netIncomeRatio": 0.1496598639,
    "eps": 0.75,
    "epsdiluted": 0.75,
    "weightedAverageShsOut": 263000000,
    "weightedAverageShsOutDil": 265000000,
    "link": "https://www.sec.gov/Archives/edgar/data/896878/000089687820000223/0000896878-20-000223-index.htm",
    "finalLink": "https://www.sec.gov/Archives/edgar/data/896878/000089687820000223/intu-20201031.htm"
  },
  {
    "date": "2020-07-31",
    "symbol": "INTU",
    "reportedCurrency": "USD",
    "cik": "0000896878",
    "fillingDate": "2020-08-31",
    "acceptedDate": "2020-08-31 16:31:44",
    "calendarYear": "2020",
    "period": "Q4",
    "revenue": 1816000000,
    "costOfRevenue": 322000000,
    "grossProfit": 1494000000,
    "grossProfitRatio": 0.8226872247,
    "researchAndDevelopmentExpenses": 393000000,
    "generalAndAdministrativeExpenses": 193000000,
    "sellingAndMarketingExpenses": 424000000,
    "sellingGeneralAndAdministrativeExpenses": 617000000,
    "otherExpenses": 4000000,
    "operatingExpenses": 1011000000,
    "costAndExpenses": 1333000000,
    "interestIncome": 10000000,
    "interestExpense": 7000000,
    "depreciationAndAmortization": 1000000,
    "ebitda": 543000000,
    "ebitdaratio": 0.2990088106,
    "operatingIncome": 483000000,
    "operatingIncomeRatio": 0.265969163,
    "totalOtherIncomeExpensesNet": 3000000,
    "incomeBeforeTax": 486000000,
    "incomeBeforeTaxRatio": 0.2676211454,
    "incomeTaxExpense": 41000000,
    "netIncome": 445000000,
    "netIncomeRatio": 0.2450440529,
    "eps": 1.7,
    "epsdiluted": 1.68,
    "weightedAverageShsOut": 262000000,
    "weightedAverageShsOutDil": 264000000,
    "link": "https://www.sec.gov/Archives/edgar/data/896878/000089687820000148/0000896878-20-000148-index.htm",
    "finalLink": "https://www.sec.gov/Archives/edgar/data/896878/000089687820000148/fy20q410-kdocument.htm"
  },
  {
    "date": "2020-04-30",
    "symbol": "INTU",
    "reportedCurrency": "USD",
    "cik": "0000896878",
    "fillingDate": "2020-05-21",
    "acceptedDate": "2020-05-21 16:22:09",
    "calendarYear": "2020",
    "period": "Q3",
    "revenue": 3002000000,
    "costOfRevenue": 426000000,
    "grossProfit": 2576000000,
    "grossProfitRatio": 0.8580946036,
    "researchAndDevelopmentExpenses": 332000000,
    "generalAndAdministrativeExpenses": 181000000,
    "sellingAndMarketingExpenses": 648000000,
    "sellingGeneralAndAdministrativeExpenses": 829000000,
    "otherExpenses": -13000000,
    "operatingExpenses": 1163000000,
    "costAndExpenses": 1589000000,
    "interestIncome": 10000000,
    "interestExpense": 2000000,
    "depreciationAndAmortization": 54000000,
    "ebitda": 1464000000,
    "ebitdaratio": 0.4876748834,
    "operatingIncome": 1413000000,
    "operatingIncomeRatio": 0.4706862092,
    "totalOtherIncomeExpensesNet": -5000000,
    "incomeBeforeTax": 1408000000,
    "incomeBeforeTaxRatio": 0.4690206529,
    "incomeTaxExpense": 324000000,
    "netIncome": 1084000000,
    "netIncomeRatio": 0.3610926049,
    "eps": 4.15,
    "epsdiluted": 4.11,
    "weightedAverageShsOut": 261000000,
    "weightedAverageShsOutDil": 264000000,
    "link": "https://www.sec.gov/Archives/edgar/data/896878/000089687820000065/0000896878-20-000065-index.htm",
    "finalLink": "https://www.sec.gov/Archives/edgar/data/896878/000089687820000065/a10-qdocumentxfy20q3.htm"
  }
]