[
  {
    "date": "2024-07-31",
    "symbol": "INTU",
    "reportedCurrency": "USD",
    "cik": "0000896878",
    "fillingDate": "2024-09-04",
    "acceptedDate": "2024-09-04 18:26:27",
    "calendarYear": "2024",
    "period": "FY",
    "revenue": 16285000000,
    "costOfRevenue": 3465000000,
    "grossProfit": 12820000000,
    "grossProfitRatio": 0.78722751,
    "researchAndDevelopmentExpenses": 2754000000,
    "generalAndAdministrativeExpenses": 1418000000,
    "sellingAndMarketingExpenses": 4312000000,
    "sellingGeneralAndAdministrativeExpenses": 5730000000,
    "otherExpenses": 706000000,
    "operatingExpenses": 9190000000,
    "costAndExpenses": 12655000000,
    "interestIncome": 147000000,
    "interestExpense": 242000000,
    "depreciationAndAmortization": 789000000,
    "ebitda": 4581000000,
    "ebitdaratio": 0.2813018115,
    "operatingIncome": 3630000000,
    "operatingIncomeRatio": 0.2229045134,
    "totalOtherIncomeExpensesNet": -80000000,
    "incomeBeforeTax": 3550000000,
    "incomeBeforeTaxRatio": 0.2179920172,
    "incomeTaxExpense": 587000000,
    "netIncome": 2963000000,
    "netIncomeRatio": 0.1819465766,
    "eps": 10.58,
    "epsdiluted": 10.43,
    "weightedAverageShsOut": 280000000,
    "weightedAverageShsOutDil": 284000000,
    "link": "https://www.sec.gov/Archives/edgar/data/896878/000089687824000039/0000896878-24-000039-index.htm",
    "finalLink": "https://www.sec.gov/Archives/edgar/data/896878/000089687824000039/intu-20240731.htm"
  },
  {
    "date": "2023-07-31",
    "symbol": "INTU",
    "reportedCurrency": "USD",
    "cik": "0000896878",
    "fillingDate": "2023-09-01",
    "acceptedDate": "2023-09-01 16:08:03",
    "calendarYear": "2023",
    "period": "FY",
    "revenue": 14368000000,
    "costOfRevenue": 3143000000,
    "grossProfit": 11225000000,
    "grossProfitRatio": 0.78125,
    "researchAndDevelopmentExpenses": 2539000000,
    "generalAndAdministrativeExpenses": 1729000000,
    "sellingAndMarketingExpenses": 3333000000,
    "sellingGeneralAndAdministrativeExpenses": 5062000000,
    "otherExpenses": 3555000000,
    "operatingExpenses": 8084000000,
    "costAndExpenses": 11227000000,
    "interestIncome": 96000000,
    "interestExpense": 248000000,
    "depreciationAndAmortization": 806000000,
    "ebitda": 4043000000,
    "ebitdaratio": 0.2813891982,
    "operatingIncome": 3141000000,
    "operatingIncomeRatio": 0.2186108018,
    "totalOtherIncomeExpensesNet": -152000000,
    "incomeBeforeTax": 2989000000,
    "incomeBeforeTaxRatio": 0.2080317372,
    "incomeTaxExpense": 605000000,
    "netIncome": 2384000000,
    "netIncomeRatio": 0.1659242762,
    "eps": 8.48,
    "epsdiluted": 8.42,
    "weightedAverageShsOut": 281000000,
    "weightedAverageShsOutDil": 283000000,
    "link": "https://www.sec.gov/Archives/edgar/data/896878/000089687823000034/0000896878-23-000034-index.htm",
    "finalLink": "https://www.sec.gov/Archives/edgar/data/896878/000089687823000034/intu-20230731.htm"
  },
  {
    "date": "2022-07-31",
    "symbol": "INTU",
    "reportedCurrency": "USD",
    "cik": "0000896878",
    "fillingDate": "2022-09-02",
    "acceptedDate": "2022-09-02 17:09:05",
    "calendarYear": "2022",
    "period": "FY",
    "revenue": 12726000000,
    "costOfRevenue": 2406000000,
    "grossProfit": 10320000000,
    "grossProfitRatio": 0.8109382367,
    "researchAndDevelopmentExpenses": 2347000000,
    "generalAndAdministrativeExpenses": 1460000000,
    "sellingAndMarketingExpenses": 3526000000,
    "sellingGeneralAndAdministrativeExpenses": 4986000000,
    "otherExpenses": 416000000,
    "operatingExpenses": 7749000000,
    "costAndExpenses": 10155000000,
    "interestIncome": 52000000,
    "interestExpense": 81000000,
    "depreciationAndAmortization": 746000000,
    "ebitda": 3369000000,
    "ebitdaratio": 0.2647336162,
    "operatingIncome": 2571000000,
    "operatingIncomeRatio": 0.2020273456,
    "totalOtherIncomeExpensesNet": -29000000,
    "incomeBeforeTax": 2542000000,
    "incomeBeforeTaxRatio": 0.1997485463,
    "incomeTaxExpense": 476000000,
    "netIncome": 2066000000,
    "netIncomeRatio": 0.1623448059,
    "eps": 7.38,
    "epsdiluted": 7.27,
    "weightedAverageShsOut": 280000000,
    "weightedAverageShsOutDil": 284000000,
    "link": "https://www.sec.gov/Archives/edgar/data/896878/000089687822000028/0000896878-22-000028-index.htm",
    "finalLink": "https://www.sec.gov/Archives/edgar/data/896878/000089687822000028/intu-20220731.htm"
  },
  {
    "date": "2021-07-31",
    "symbol": "INTU",
    "reportedCurrency": "USD",
    "cik": "0000896878",
    "fillingDate": "2021-09-08",
    "acceptedDate": "2021-09-08 16:09:57",
    "calendarYear": "2021",
    "period": "FY",
    "revenue": 9633000000,
    "costOfRevenue": 1683000000,
    "grossProfit": 7950000000,
    "grossProfitRatio": 0.8252880723,
    "researchAndDevelopmentExpenses": 1678000000,
    "generalAndAdministrativeExpenses": 982000000,
    "sellingAndMarketingExpenses": 2644000000,
    "sellingGeneralAndAdministrativeExpenses": 3626000000,
    "otherExpenses": 146000000,
    "operatingExpenses": 5450000000,
    "costAndExpenses": 7133000000,
    "interestIncome": 85000000,
    "interestExpense": 29000000,
    "depreciationAndAmortization": 363000000,
    "ebitda": 2948000000,
    "ebitdaratio": 0.3060313506,
    "operatingIncome": 2500000000,
    "operatingIncomeRatio": 0.259524551,
    "totalOtherIncomeExpensesNet": 56000000,
    "incomeBeforeTax": 2556000000,
    "incomeBeforeTaxRatio": 0.265337901,
    "incomeTaxExpense": 494000000,
    "netIncome": 2062000000,
    "netIncomeRatio": 0.2140558497,
    "eps": 7.64,
    "epsdiluted": 7.55,
    "weightedAverageShsOut": 270000000,
    "weightedAverageShsOutDil": 273000000,
    "link": "https://www.sec.gov/Archives/edgar/data/896878/000089687821000233/0000896878-21-000233-index.htm",
    "finalLink": "https://www.sec.gov/Archives/edgar/data/896878/000089687821000233/intu-20210731.htm"
  },
  {
    "date": "2020-07-31",
    "symbol": "INTU",
    "reportedCurrency": "USD",
    "cik": "0000896878",
    "fillingDate": "2020-08-31",
    "acceptedDate": "2020-08-31 16:31:44",
    "calendarYear": "2020",
    "period": "FY",
    "revenue": 7679000000,
    "costOfRevenue": 1378000000,
    "grossProfit": 6301000000,
    "grossProfitRatio": 0.8205495507,
    "researchAndDevelopmentExpenses": 1392000000,
    "generalAndAdministrativeExpenses": 679000000,
    "sellingAndMarketingExpenses": 2048000000,
    "sellingGeneralAndAdministrativeExpenses": 2727000000,
    "otherExpenses": 6000000,
    "operatingExpenses": 4125000000,
    "costAndExpenses": 5503000000,
    "interestIncome": 36000000,
    "interestExpense": 14000000,
    "depreciationAndAmortization": 218000000,
    "ebitda": 2430000000,
    "ebitdaratio": 0.3164474541,
    "operatingIncome": 2176000000,
    "operatingIncomeRatio": 0.2833702305,
    "totalOtherIncomeExpensesNet": 22000000,
    "incomeBeforeTax": 2198000000,
    "incomeBeforeTaxRatio": 0.2862351869,
    "incomeTaxExpense": 372000000,
    "netIncome": 1826000000,
    "netIncomeRatio": 0.2377913791,
    "eps": 7,
    "epsdiluted": 6.92,
    "weightedAverageShsOut": 261000000,
    "weightedAverageShsOutDil": 264000000,
    "link": "https://www.sec.gov/Archives/edgar/data/896878/000089687820000148/0000896878-20-000148-index.htm",
    "finalLink": "https://www.sec.gov/Archives/edgar/data/896878/000089687820000148/fy20q410-kdocument.htm"
  },
  {
    "date": "2019-07-31",
    "symbol": "INTU",
    "reportedCurrency": "USD",
    "cik": "0000896878",
    "fillingDate": "2019-08-30",
    "acceptedDate": "2019-08-30 16:30:04",
    "calendarYear": "2019",
    "period": "FY",
    "revenue": 6784000000,
    "costOfRevenue": 1167000000,
    "grossProfit": 5617000000,
    "grossProfitRatio": 0.8279775943,
    "researchAndDevelopmentExpenses": 1233000000,
    "generalAndAdministrativeExpenses": 597000000,
    "sellingAndMarketingExpenses": 1927000000,
    "sellingGeneralAndAdministrativeExpenses": 2524000000,
    "otherExpenses": 6000000,
    "operatingExpenses": 3763000000,
    "costAndExpenses": 4930000000,
    "interestIncome": 42000000,
    "interestExpense": 15000000,
    "depreciationAndAmortization": 225000000,
    "ebitda": 2121000000,
    "ebitdaratio": 0.3126474057,
    "operatingIncome": 1854000000,
    "operatingIncomeRatio": 0.2732900943,
    "totalOtherIncomeExpensesNet": 27000000,
    "incomeBeforeTax": 1881000000,
    "incomeBeforeTaxRatio": 0.2772700472,
    "incomeTaxExpense": 324000000,
    "netIncome": 1557000000,
    "netIncomeRatio": 0.2295106132,
    "eps": 5.99,
    "epsdiluted": 5.9,
    "weightedAverageShsOut": 260000000,
    "weightedAverageShsOutDil": 264000000,
    "link": "https://www.sec.gov/Archives/edgar/data/896878/000089687819000132/0000896878-19-000132-index.htm",
    "finalLink": "https://www.sec.gov/Archives/edgar/data/896878/000089687819000132/fy19q410-kdocument.htm"
  },
  {
    "date": "2018-07-31",
    "symbol": "INTU",
    "reportedCurrency": "USD",
    "cik": "0000896878",
    "fillingDate": "2018-08-31",
    "acceptedDate": "2018-08-31 17:05:17",
    "calendarYear": "2018",
    "period": "FY",
    "revenue": 5964000000,
    "costOfRevenue": 977000000,
    "grossProfit": 4987000000,
    "grossProfitRatio": 0.8361837693,
    "researchAndDevelopmentExpenses": 1186000000,
    "generalAndAdministrativeExpenses": 664000000,
    "sellingAndMarketingExpenses": 1634000000,
    "sellingGeneralAndAdministrativeExpenses": 2298000000,
    "otherExpenses": 8000000,
    "operatingExpenses": 3490000000,
    "costAndExpenses": 4467000000,
    "interestIncome": 26000000,
    "interestExpense": 20000000,
    "depreciationAndAmortization": 253000000,
    "ebitda": 1839000000,
    "ebitdaratio": 0.3083501006,
    "operatingIncome": 1497000000,
    "operatingIncomeRatio": 0.2510060362,
    "totalOtherIncomeExpensesNet": 6000000,
    "incomeBeforeTax": 1503000000,
    "incomeBeforeTaxRatio": 0.2520120724,
    "incomeTaxExpense": 292000000,
    "netIncome": 1211000000,
    "netIncomeRatio": 0.2030516432,
    "eps": 4.73,
    "epsdiluted": 4.64,
    "weightedAverageShsOut": 256000000,
    "weightedAverageShsOutDil": 261000000,
    "link": "https://www.sec.gov/Archives/edgar/data/896878/000089687818000171/0000896878-18-000171-index.htm",
    "finalLink": "https://www.sec.gov/Archives/edgar/data/896878/000089687818000171/fy18q410-kdocument.htm"
  },
  {
    "date": "2017-07-31",
    "symbol": "INTU",
    "reportedCurrency": "USD",
    "cik": "0000896878",
    "fillingDate": "2017-09-01",
    "acceptedDate": "2017-09-01 16:13:14",
    "calendarYear": "2017",
    "period": "FY",
    "revenue": 5177000000,
    "costOfRevenue": 809000000,
    "grossProfit": 4368000000,
    "grossProfitRatio": 0.8437318911,
    "researchAndDevelopmentExpenses": 998000000,
    "generalAndAdministrativeExpenses": 553000000,
    "sellingAndMarketingExpenses": 1420000000,
    "sellingGeneralAndAdministrativeExpenses": 1973000000,
    "otherExpenses": -5000000,
    "operatingExpenses": 2973000000,
    "costAndExpenses": 3782000000,
    "interestIncome": 3000000,
    "interestExpense": 31000000,
    "depreciationAndAmortization": 236000000,
    "ebitda": 1634000000,
    "ebitdaratio": 0.3156268109,
    "operatingIncome": 1395000000,
    "operatingIncomeRatio": 0.2694610778,
    "totalOtherIncomeExpensesNet": -28000000,
    "incomeBeforeTax": 1367000000,
    "incomeBeforeTaxRatio": 0.2640525401,
    "incomeTaxExpense": 396000000,
    "netIncome": 971000000,
    "netIncomeRatio": 0.1875603631,
    "eps": 3.83,
    "epsdiluted": 3.78,
    "weightedAverageShsOut": 257000000,
    "weightedAverageShsOutDil": 261000000,
    "link": "https://www.sec.gov/Archives/edgar/data/896878/000089687817000130/0000896878-17-000130-index.htm",
    "finalLink": "https://www.sec.gov/Archives/edgar/data/896878/000089687817000130/fy17q410-kdocument.htm"
  },
  {
    "date": "2016-07-31",
    "symbol": "INTU",
    "reportedCurrency": "USD",
    "cik": "0000896878",
    "fillingDate": "2016-09-01",
    "acceptedDate": "2016-09-01 16:23:59",
    "calendarYear": "2016",
    "period": "FY",
    "revenue": 4694000000,
    "costOfRevenue": 752000000,
    "grossProfit": 3942000000,
    "grossProfitRatio": 0.8397954836,
    "researchAndDevelopmentExpenses": 881000000,
    "generalAndAdministrativeExpenses": 518000000,
    "sellingAndMarketingExpenses": 1289000000,
    "sellingGeneralAndAdministrativeExpenses": 1807000000,
    "otherExpenses": -7000000,
    "operatingExpenses": 2700000000,
    "costAndExpenses": 3452000000,
    "interestIncome": 0,
    "interestExpense": 39000000,
    "depreciationAndAmortization": 238000000,
    "ebitda": 1480000000,
    "ebitdaratio": 0.3152961227,
    "operatingIncome": 1242000000,
    "operatingIncomeRatio": 0.2645930976,
    "totalOtherIncomeExpensesNet": -39000000,
    "incomeBeforeTax": 1203000000,
    "incomeBeforeTaxRatio": 0.2562846187,
    "incomeTaxExpense": 397000000,
    "netIncome": 979000000,
    "netIncomeRatio": 0.2085641244,
    "eps": 3.73,
    "epsdiluted": 3.69,
    "weightedAverageShsOut": 262000000,
    "weightedAverageShsOutDil": 265000000,
    "link": "https://www.sec.gov/Archives/edgar/data/896878/000089687816000286/0000896878-16-000286-index.htm",
    "finalLink": "https://www.sec.gov/Archives/edgar/data/896878/000089687816000286/fy16q410-kdocument.htm"
  },
  {
    "date": "2015-07-31",
    "symbol": "INTU",
    "reportedCurrency": "USD",
    "cik": "0000896878",
    "fillingDate": "2015-09-01",
    "acceptedDate": "2015-09-01 16:06:33",
    "calendarYear": "2015",
    "period": "FY",
    "revenue": 4192000000,
    "costOfRevenue": 725000000,
    "grossProfit": 3467000000,
    "grossProfitRatio": 0.8270515267,
    "researchAndDevelopmentExpenses": 798000000,
    "generalAndAdministrativeExpenses": 483000000,
    "sellingAndMarketingExpenses": 1288000000,
    "sellingGeneralAndAdministrativeExpenses": 1771000000,
    "otherExpenses": -7000000,
    "operatingExpenses": 2581000000,
    "costAndExpenses": 3306000000,
    "interestIncome": 1000000,
    "interestExpense": 27000000,
    "depreciationAndAmortization": 231000000,
    "ebitda": 970000000,
    "ebitdaratio": 0.2313931298,
    "operatingIncome": 738000000,
    "operatingIncomeRatio": 0.1760496183,
    "totalOtherIncomeExpensesNet": -26000000,
    "incomeBeforeTax": 712000000,
    "incomeBeforeTaxRatio": 0.1698473282,
    "incomeTaxExpense": 299000000,
    "netIncome": 365000000,
    "netIncomeRatio": 0.0870706107,
    "eps": 1.3,
    "epsdiluted": 1.28,
    "weightedAverageShsOut": 281000000,
    "weightedAverageShsOutDil": 286000000,
    "link": "https://www.sec.gov/Archives/edgar/data/896878/000089687815000116/0000896878-15-000116-index.htm",
    "finalLink": "https://www.sec.gov/Archives/edgar/data/896878/000089687815000116/fy15q410-kdocument.htm"
  }
]