[
  {
    "date": "2024-12-31",
    "symbol": "SPGI",
    "reportedCurrency": "USD",
    "cik": "0000064040",
    "fillingDate": "2025-02-11",
    "acceptedDate": "2025-02-11 17:29:21",
    "calendarYear": "2024",
    "period": "Q4",
    "revenue": 3592000000,
    "costOfRevenue": 1114000000,
    "grossProfit": 2478000000,
    "grossProfitRatio": 0.6898663697,
    "researchAndDevelopmentExpenses": 0,
    "generalAndAdministrativeExpenses": 0,
    "sellingAndMarketingExpenses": 0,
    "sellingGeneralAndAdministrativeExpenses": 919000000,
    "otherExpenses": 250000000,
    "operatingExpenses": 1169000000,
    "costAndExpenses": 2283000000,
    "interestIncome": 0,
    "interestExpense": 70000000,
    "depreciationAndAmortization": 300000000,
    "ebitda": 1624000000,
    "ebitdaratio": 0.4521158129,
    "operatingIncome": 1309000000,
    "operatingIncomeRatio": 0.3644209354,
    "totalOtherIncomeExpensesNet": -55000000,
    "incomeBeforeTax": 1254000000,
    "incomeBeforeTaxRatio": 0.3491091314,
    "incomeTaxExpense": 287000000,
    "netIncome": 880000000,
    "netIncomeRatio": 0.2449888641,
    "eps": 2.83,
    "epsdiluted": 2.82,
    "weightedAverageShsOut": 311400000,
    "weightedAverageShsOutDil": 311700000,
    "link": "https://www.sec.gov/Archives/edgar/data/64040/000006404025000052/0000064040-25-000052-index.htm",
    "finalLink": "https://www.sec.gov/Archives/edgar/data/64040/000006404025000052/spgi-20241231.htm"
  },
  {
    "date": "2024-09-30",
    "symbol": "SPGI",
    "reportedCurrency": "USD",
    "cik": "0000064040",
    "fillingDate": "2024-10-25",
    "acceptedDate": "2024-10-24 17:50:22",
    "calendarYear": "2024",
    "period": "Q3",
    "revenue": 3575000000,
    "costOfRevenue": 1072000000,
    "grossProfit": 2503000000,
    "grossProfitRatio": 0.7001398601,
    "researchAndDevelopmentExpenses": 0,
    "generalAndAdministrativeExpenses": 0,
    "sellingAndMarketingExpenses": 0,
    "sellingGeneralAndAdministrativeExpenses": 808000000,
    "otherExpenses": 261000000,
    "operatingExpenses": 1101000000,
    "costAndExpenses": 2230000000,
    "interestIncome": 0,
    "interestExpense": 72000000,
    "depreciationAndAmortization": 293000000,
    "ebitda": 1726000000,
    "ebitdaratio": 0.4827972028,
    "operatingIncome": 1434000000,
    "operatingIncomeRatio": 0.4011188811,
    "totalOtherIncomeExpensesNet": -74000000,
    "incomeBeforeTax": 1360000000,
    "incomeBeforeTaxRatio": 0.3804195804,
    "incomeTaxExpense": 313000000,
    "netIncome": 971000000,
    "netIncomeRatio": 0.2716083916,
    "eps": 3.12,
    "epsdiluted": 3.12,
    "weightedAverageShsOut": 311200000,
    "weightedAverageShsOutDil": 311500000,
    "link": "https://www.sec.gov/Archives/edgar/data/64040/000006404024000178/0000064040-24-000178-index.htm",
    "finalLink": "https://www.sec.gov/Archives/edgar/data/64040/000006404024000178/spgi-20240930.htm"
  },
  {
    "date": "2024-06-30",
    "symbol": "SPGI",
    "reportedCurrency": "USD",
    "cik": "0000064040",
    "fillingDate": "2024-07-30",
    "acceptedDate": "2024-07-30 17:29:06",
    "calendarYear": "2024",
    "period": "Q2",
    "revenue": 3549000000,
    "costOfRevenue": 1376000000,
    "grossProfit": 2173000000,
    "grossProfitRatio": 0.6122851507,
    "researchAndDevelopmentExpenses": 0,
    "generalAndAdministrativeExpenses": 0,
    "sellingAndMarketingExpenses": 0,
    "sellingGeneralAndAdministrativeExpenses": 641000000,
    "otherExpenses": 6000000,
    "operatingExpenses": 641000000,
    "costAndExpenses": 2017000000,
    "interestIncome": 0,
    "interestExpense": 77000000,
    "depreciationAndAmortization": 291000000,
    "ebitda": 1745000000,
    "ebitdaratio": 0.4916877994,
    "operatingIncome": 1532000000,
    "operatingIncomeRatio": 0.4316708932,
    "totalOtherIncomeExpensesNet": -74000000,
    "incomeBeforeTax": 1378000000,
    "incomeBeforeTaxRatio": 0.3882783883,
    "incomeTaxExpense": 293000000,
    "netIncome": 1011000000,
    "netIncomeRatio": 0.2848689772,
    "eps": 3.23,
    "epsdiluted": 3.23,
    "weightedAverageShsOut": 313000000,
    "weightedAverageShsOutDil": 313200000,
    "link": "https://www.sec.gov/Archives/edgar/data/64040/000006404024000150/0000064040-24-000150-index.htm",
    "finalLink": "https://www.sec.gov/Archives/edgar/data/64040/000006404024000150/spgi-20240630.htm"
  },
  {
    "date": "2024-03-31",
    "symbol": "SPGI",
    "reportedCurrency": "USD",
    "cik": "0000064040",
    "fillingDate": "2024-04-25",
    "acceptedDate": "2024-04-25 17:26:37",
    "calendarYear": "2024",
    "period": "Q1",
    "revenue": 3491000000,
    "costOfRevenue": 1120000000,
    "grossProfit": 2371000000,
    "grossProfitRatio": 0.6791750215,
    "researchAndDevelopmentExpenses": 0,
    "generalAndAdministrativeExpenses": 0,
    "sellingAndMarketingExpenses": 0,
    "sellingGeneralAndAdministrativeExpenses": 705000000,
    "otherExpenses": 6000000,
    "operatingExpenses": 992000000,
    "costAndExpenses": 2112000000,
    "interestIncome": 0,
    "interestExpense": 78000000,
    "depreciationAndAmortization": 287000000,
    "ebitda": 1748000000,
    "ebitdaratio": 0.5007161272,
    "operatingIncome": 1385000000,
    "operatingIncomeRatio": 0.39673446,
    "totalOtherIncomeExpensesNet": -69000000,
    "incomeBeforeTax": 1316000000,
    "incomeBeforeTaxRatio": 0.3769693498,
    "incomeTaxExpense": 248000000,
    "netIncome": 991000000,
    "netIncomeRatio": 0.2838728158,
    "eps": 3.16,
    "epsdiluted": 3.16,
    "weightedAverageShsOut": 313600000,
    "weightedAverageShsOutDil": 314000000,
    "link": "https://www.sec.gov/Archives/edgar/data/64040/000006404024000125/0000064040-24-000125-index.htm",
    "finalLink": "https://www.sec.gov/Archives/edgar/data/64040/000006404024000125/spgi-20240331.htm"
  },
  {
    "date": "2023-12-31",
    "symbol": "SPGI",
    "reportedCurrency": "USD",
    "cik": "0000064040",
    "fillingDate": "2024-02-09",
    "acceptedDate": "2024-02-08 21:12:29",
    "calendarYear": "2023",
    "period": "Q4",
    "revenue": 3152000000,
    "costOfRevenue": 1032000000,
    "grossProfit": 2120000000,
    "grossProfitRatio": 0.6725888325,
    "researchAndDevelopmentExpenses": 0,
    "generalAndAdministrativeExpenses": 0,
    "sellingAndMarketingExpenses": 0,
    "sellingGeneralAndAdministrativeExpenses": 942000000,
    "otherExpenses": 2750000000,
    "operatingExpenses": 1232000000,
    "costAndExpenses": 2264000000,
    "interestIncome": 0,
    "interestExpense": 76000000,
    "depreciationAndAmortization": 290000000,
    "ebitda": 1378000000,
    "ebitdaratio": 0.4371827411,
    "operatingIncome": 890000000,
    "operatingIncomeRatio": 0.2823604061,
    "totalOtherIncomeExpensesNet": -96000000,
    "incomeBeforeTax": 794000000,
    "incomeBeforeTaxRatio": 0.2519035533,
    "incomeTaxExpense": 150000000,
    "netIncome": 579000000,
    "netIncomeRatio": 0.1836928934,
    "eps": 1.84,
    "epsdiluted": 1.83,
    "weightedAverageShsOut": 315400000,
    "weightedAverageShsOutDil": 315900000,
    "link": "https://www.sec.gov/Archives/edgar/data/64040/000006404024000071/0000064040-24-000071-index.htm",
    "finalLink": "https://www.sec.gov/Archives/edgar/data/64040/000006404024000071/spgi-20231231.htm"
  },
  {
    "date": "2023-09-30",
    "symbol": "SPGI",
    "reportedCurrency": "USD",
    "cik": "0000064040",
    "fillingDate": "2023-11-02",
    "acceptedDate": "2023-11-02 17:21:57",
    "calendarYear": "2023",
    "period": "Q3",
    "revenue": 3084000000,
    "costOfRevenue": 2018000000,
    "grossProfit": 1066000000,
    "grossProfitRatio": 0.3456549935,
    "researchAndDevelopmentExpenses": 0,
    "generalAndAdministrativeExpenses": 0,
    "sellingAndMarketingExpenses": 0,
    "sellingGeneralAndAdministrativeExpenses": 741000000,
    "otherExpenses": 5000000,
    "operatingExpenses": 995000000,
    "costAndExpenses": 2018000000,
    "interestIncome": 83000000,
    "interestExpense": 84000000,
    "depreciationAndAmortization": 282000000,
    "ebitda": 1456000000,
    "ebitdaratio": 0.4721141375,
    "operatingIncome": 1074000000,
    "operatingIncomeRatio": 0.3482490272,
    "totalOtherIncomeExpensesNet": -79000000,
    "incomeBeforeTax": 995000000,
    "incomeBeforeTaxRatio": 0.3226329442,
    "incomeTaxExpense": 181000000,
    "netIncome": 742000000,
    "netIncomeRatio": 0.2405966278,
    "eps": 2.34,
    "epsdiluted": 2.33,
    "weightedAverageShsOut": 317500000,
    "weightedAverageShsOutDil": 318000000,
    "link": "https://www.sec.gov/Archives/edgar/data/64040/000006404023000193/0000064040-23-000193-index.htm",
    "finalLink": "https://www.sec.gov/Archives/edgar/data/64040/000006404023000193/spgi-20230930.htm"
  },
  {
    "date": "2023-06-30",
    "symbol": "SPGI",
    "reportedCurrency": "USD",
    "cik": "0000064040",
    "fillingDate": "2023-07-27",
    "acceptedDate": "2023-07-27 16:49:47",
    "calendarYear": "2023",
    "period": "Q2",
    "revenue": 3101000000,
    "costOfRevenue": 1026000000,
    "grossProfit": 2075000000,
    "grossProfitRatio": 0.6691389874,
    "researchAndDevelopmentExpenses": 0,
    "generalAndAdministrativeExpenses": 0,
    "sellingAndMarketingExpenses": 0,
    "sellingGeneralAndAdministrativeExpenses": 771000000,
    "otherExpenses": 11000000,
    "operatingExpenses": 2082000000,
    "costAndExpenses": 2082000000,
    "interestIncome": 87000000,
    "interestExpense": 88000000,
    "depreciationAndAmortization": 285000000,
    "ebitda": 1205000000,
    "ebitdaratio": 0.3885843276,
    "operatingIncome": 911000000,
    "operatingIncomeRatio": 0.2937762012,
    "totalOtherIncomeExpensesNet": -77000000,
    "incomeBeforeTax": 834000000,
    "incomeBeforeTaxRatio": 0.2689455015,
    "incomeTaxExpense": 259000000,
    "netIncome": 511000000,
    "netIncomeRatio": 0.164785553,
    "eps": 1.6,
    "epsdiluted": 1.6,
    "weightedAverageShsOut": 319300000,
    "weightedAverageShsOutDil": 319800000,
    "link": "https://www.sec.gov/Archives/edgar/data/64040/000006404023000159/0000064040-23-000159-index.htm",
    "finalLink": "https://www.sec.gov/Archives/edgar/data/64040/000006404023000159/spgi-20230630.htm"
  },
  {
    "date": "2023-03-31",
    "symbol": "SPGI",
    "reportedCurrency": "USD",
    "cik": "0000064040",
    "fillingDate": "2023-04-27",
    "acceptedDate": "2023-04-27 16:59:04",
    "calendarYear": "2023",
    "period": "Q1",
    "revenue": 3160000000,
    "costOfRevenue": 1088000000,
    "grossProfit": 2072000000,
    "grossProfitRatio": 0.6556962025,
    "researchAndDevelopmentExpenses": 0,
    "generalAndAdministrativeExpenses": 0,
    "sellingAndMarketingExpenses": 0,
    "sellingGeneralAndAdministrativeExpenses": 705000000,
    "otherExpenses": 1375000000,
    "operatingExpenses": 2080000000,
    "costAndExpenses": 2080000000,
    "interestIncome": 84000000,
    "interestExpense": 85000000,
    "depreciationAndAmortization": 287000000,
    "ebitda": 1452000000,
    "ebitdaratio": 0.4594936709,
    "operatingIncome": 1144000000,
    "operatingIncomeRatio": 0.3620253165,
    "totalOtherIncomeExpensesNet": -96000000,
    "incomeBeforeTax": 1048000000,
    "incomeBeforeTaxRatio": 0.3316455696,
    "incomeTaxExpense": 188000000,
    "netIncome": 795000000,
    "netIncomeRatio": 0.2515822785,
    "eps": 2.47,
    "epsdiluted": 2.47,
    "weightedAverageShsOut": 321300000,
    "weightedAverageShsOutDil": 322100000,
    "link": "https://www.sec.gov/Archives/edgar/data/64040/000006404023000113/0000064040-23-000113-index.htm",
    "finalLink": "https://www.sec.gov/Archives/edgar/data/64040/000006404023000113/spgi-20230331.htm"
  },
  {
    "date": "2022-12-31",
    "symbol": "SPGI",
    "reportedCurrency": "USD",
    "cik": "0000064040",
    "fillingDate": "2023-02-10",
    "acceptedDate": "2023-02-09 20:31:52",
    "calendarYear": "2022",
    "period": "Q4",
    "revenue": 2937000000,
    "costOfRevenue": 1012000000,
    "grossProfit": 1925000000,
    "grossProfitRatio": 0.6554307116,
    "researchAndDevelopmentExpenses": 0,
    "generalAndAdministrativeExpenses": 0,
    "sellingAndMarketingExpenses": 0,
    "sellingGeneralAndAdministrativeExpenses": 941000000,
    "otherExpenses": 1286000000,
    "operatingExpenses": 2227000000,
    "costAndExpenses": 2227000000,
    "interestIncome": 86000000,
    "interestExpense": 86000000,
    "depreciationAndAmortization": 275000000,
    "ebitda": 1078000000,
    "ebitdaratio": 0.3670411985,
    "operatingIncome": 717000000,
    "operatingIncomeRatio": 0.2441266599,
    "totalOtherIncomeExpensesNet": -95000000,
    "incomeBeforeTax": 621000000,
    "incomeBeforeTaxRatio": 0.2114402451,
    "incomeTaxExpense": 127000000,
    "netIncome": 433000000,
    "netIncomeRatio": 0.1474293497,
    "eps": 1.34,
    "epsdiluted": 1.33,
    "weightedAverageShsOut": 323900000,
    "weightedAverageShsOutDil": 325200000,
    "link": "https://www.sec.gov/Archives/edgar/data/64040/000006404023000058/0000064040-23-000058-index.htm",
    "finalLink": "https://www.sec.gov/Archives/edgar/data/64040/000006404023000058/spgi-20221231.htm"
  },
  {
    "date": "2022-09-30",
    "symbol": "SPGI",
    "reportedCurrency": "USD",
    "cik": "0000064040",
    "fillingDate": "2022-10-28",
    "acceptedDate": "2022-10-27 17:33:34",
    "calendarYear": "2022",
    "period": "Q3",
    "revenue": 2861000000,
    "costOfRevenue": 994000000,
    "grossProfit": 1867000000,
    "grossProfitRatio": 0.6525690318,
    "researchAndDevelopmentExpenses": 0,
    "generalAndAdministrativeExpenses": 0,
    "sellingAndMarketingExpenses": 0,
    "sellingGeneralAndAdministrativeExpenses": 720000000,
    "otherExpenses": 1292000000,
    "operatingExpenses": 2012000000,
    "costAndExpenses": 2012000000,
    "interestIncome": 70000000,
    "interestExpense": 71000000,
    "depreciationAndAmortization": 298000000,
    "ebitda": 1192000000,
    "ebitdaratio": 0.4166375393,
    "operatingIncome": 853000000,
    "operatingIncomeRatio": 0.2981475009,
    "totalOtherIncomeExpensesNet": -30000000,
    "incomeBeforeTax": 823000000,
    "incomeBeforeTaxRatio": 0.2876616568,
    "incomeTaxExpense": 145000000,
    "netIncome": 608000000,
    "netIncomeRatio": 0.2125131073,
    "eps": 1.84,
    "epsdiluted": 1.84,
    "weightedAverageShsOut": 329600000,
    "weightedAverageShsOutDil": 330900000,
    "link": "https://www.sec.gov/Archives/edgar/data/64040/000006404022000171/0000064040-22-000171-index.htm",
    "finalLink": "https://www.sec.gov/Archives/edgar/data/64040/000006404022000171/spgi-20220930.htm"
  },
  {
    "date": "2022-06-30",
    "symbol": "SPGI",
    "reportedCurrency": "USD",
    "cik": "0000064040",
    "fillingDate": "2022-08-03",
    "acceptedDate": "2022-08-02 18:23:15",
    "calendarYear": "2022",
    "period": "Q2",
    "revenue": 2993000000,
    "costOfRevenue": 1011000000,
    "grossProfit": 1982000000,
    "grossProfitRatio": 0.6622118276,
    "researchAndDevelopmentExpenses": 0,
    "generalAndAdministrativeExpenses": 0,
    "sellingAndMarketingExpenses": 0,
    "sellingGeneralAndAdministrativeExpenses": 764000000,
    "otherExpenses": 1314000000,
    "operatingExpenses": 2078000000,
    "costAndExpenses": 2078000000,
    "interestIncome": 0,
    "interestExpense": 90000000,
    "depreciationAndAmortization": 303000000,
    "ebitda": 1784000000,
    "ebitdaratio": 0.5960574674,
    "operatingIncome": 927000000,
    "operatingIncomeRatio": 0.3097226863,
    "totalOtherIncomeExpensesNet": -91000000,
    "incomeBeforeTax": 1391000000,
    "incomeBeforeTaxRatio": 0.4647510859,
    "incomeTaxExpense": 340000000,
    "netIncome": 972000000,
    "netIncomeRatio": 0.3247577681,
    "eps": 2.88,
    "epsdiluted": 2.86,
    "weightedAverageShsOut": 338000000,
    "weightedAverageShsOutDil": 339300000,
    "link": "https://www.sec.gov/Archives/edgar/data/64040/000006404022000143/0000064040-22-000143-index.htm",
    "finalLink": "https://www.sec.gov/Archives/edgar/data/64040/000006404022000143/spgi-20220630.htm"
  },
  {
    "date": "2022-03-31",
    "symbol": "SPGI",
    "reportedCurrency": "USD",
    "cik": "0000064040",
    "fillingDate": "2022-05-04",
    "acceptedDate": "2022-05-03 19:32:44",
    "calendarYear": "2022",
    "period": "Q1",
    "revenue": 2389000000,
    "costOfRevenue": 749000000,
    "grossProfit": 1640000000,
    "grossProfitRatio": 0.6864796986,
    "researchAndDevelopmentExpenses": 0,
    "generalAndAdministrativeExpenses": 0,
    "sellingAndMarketingExpenses": 0,
    "sellingGeneralAndAdministrativeExpenses": 958000000,
    "otherExpenses": 886000000,
    "operatingExpenses": 1844000000,
    "costAndExpenses": 1844000000,
    "interestIncome": 0,
    "interestExpense": 57000000,
    "depreciationAndAmortization": 137000000,
    "ebitda": 770000000,
    "ebitdaratio": 0.3223105902,
    "operatingIncome": 597000000,
    "operatingIncomeRatio": 0.2498953537,
    "totalOtherIncomeExpensesNet": -25000000,
    "incomeBeforeTax": 1867000000,
    "incomeBeforeTaxRatio": 0.781498535,
    "incomeTaxExpense": 568000000,
    "netIncome": 1235000000,
    "netIncomeRatio": 0.5169526999,
    "eps": 4.49,
    "epsdiluted": 4.47,
    "weightedAverageShsOut": 275200000,
    "weightedAverageShsOutDil": 276300000,
    "link": "https://www.sec.gov/Archives/edgar/data/64040/000006404022000113/0000064040-22-000113-index.htm",
    "finalLink": "https://www.sec.gov/Archives/edgar/data/64040/000006404022000113/spgi-20220331.htm"
  },
  {
    "date": "2021-12-31",
    "symbol": "SPGI",
    "reportedCurrency": "USD",
    "cik": "0000064040",
    "fillingDate": "2022-02-08",
    "acceptedDate": "2022-02-08 17:17:01",
    "calendarYear": "2021",
    "period": "Q4",
    "revenue": 2088000000,
    "costOfRevenue": 592000000,
    "grossProfit": 1496000000,
    "grossProfitRatio": 0.7164750958,
    "researchAndDevelopmentExpenses": 13000000,
    "generalAndAdministrativeExpenses": 0,
    "sellingAndMarketingExpenses": 0,
    "sellingGeneralAndAdministrativeExpenses": 557000000,
    "otherExpenses": 11000000,
    "operatingExpenses": 1191000000,
    "costAndExpenses": 1191000000,
    "interestIncome": 0,
    "interestExpense": 25000000,
    "depreciationAndAmortization": 41000000,
    "ebitda": 1072000000,
    "ebitdaratio": 0.5134099617,
    "operatingIncome": 904000000,
    "operatingIncomeRatio": 0.4329501916,
    "totalOtherIncomeExpensesNet": -14000000,
    "incomeBeforeTax": 890000000,
    "incomeBeforeTaxRatio": 0.4262452107,
    "incomeTaxExpense": 153000000,
    "netIncome": 675000000,
    "netIncomeRatio": 0.3232758621,
    "eps": 2.8,
    "epsdiluted": 2.79,
    "weightedAverageShsOut": 241000000,
    "weightedAverageShsOutDil": 242100000,
    "link": "https://www.sec.gov/Archives/edgar/data/64040/000006404022000055/0000064040-22-000055-index.htm",
    "finalLink": "https://www.sec.gov/Archives/edgar/data/64040/000006404022000055/spgi-20211231.htm"
  },
  {
    "date": "2021-09-30",
    "symbol": "SPGI",
    "reportedCurrency": "USD",
    "cik": "0000064040",
    "fillingDate": "2021-10-26",
    "acceptedDate": "2021-10-26 17:24:45",
    "calendarYear": "2021",
    "period": "Q3",
    "revenue": 2087000000,
    "costOfRevenue": 543000000,
    "grossProfit": 1544000000,
    "grossProfitRatio": 0.7398179205,
    "researchAndDevelopmentExpenses": 0,
    "generalAndAdministrativeExpenses": 0,
    "sellingAndMarketingExpenses": 0,
    "sellingGeneralAndAdministrativeExpenses": 423000000,
    "otherExpenses": 11000000,
    "operatingExpenses": 464000000,
    "costAndExpenses": 1007000000,
    "interestIncome": 0,
    "interestExpense": 31000000,
    "depreciationAndAmortization": 41000000,
    "ebitda": 1145000000,
    "ebitdaratio": 0.5486344034,
    "operatingIncome": 1083000000,
    "operatingIncomeRatio": 0.518926689,
    "totalOtherIncomeExpensesNet": -9000000,
    "incomeBeforeTax": 1074000000,
    "incomeBeforeTaxRatio": 0.5146142789,
    "incomeTaxExpense": 213000000,
    "netIncome": 797000000,
    "netIncomeRatio": 0.3818878773,
    "eps": 3.31,
    "epsdiluted": 3.3,
    "weightedAverageShsOut": 240900000,
    "weightedAverageShsOutDil": 241700000,
    "link": "https://www.sec.gov/Archives/edgar/data/64040/000162828021020543/0001628280-21-020543-index.htm",
    "finalLink": "https://www.sec.gov/Archives/edgar/data/64040/000162828021020543/spgi-20210930.htm"
  },
  {
    "date": "2021-06-30",
    "symbol": "SPGI",
    "reportedCurrency": "USD",
    "cik": "0000064040",
    "fillingDate": "2021-07-29",
    "acceptedDate": "2021-07-29 16:23:11",
    "calendarYear": "2021",
    "period": "Q2",
    "revenue": 2106000000,
    "costOfRevenue": 533000000,
    "grossProfit": 1573000000,
    "grossProfitRatio": 0.7469135802,
    "researchAndDevelopmentExpenses": 0,
    "generalAndAdministrativeExpenses": 0,
    "sellingAndMarketingExpenses": 0,
    "sellingGeneralAndAdministrativeExpenses": 374000000,
    "otherExpenses": 11000000,
    "operatingExpenses": 419000000,
    "costAndExpenses": 952000000,
    "interestIncome": 0,
    "interestExpense": 32000000,
    "depreciationAndAmortization": 45000000,
    "ebitda": 1263000000,
    "ebitdaratio": 0.5997150997,
    "operatingIncome": 1154000000,
    "operatingIncomeRatio": 0.5479582146,
    "totalOtherIncomeExpensesNet": -10000000,
    "incomeBeforeTax": 1144000000,
    "incomeBeforeTaxRatio": 0.5432098765,
    "incomeTaxExpense": 287000000,
    "netIncome": 798000000,
    "netIncomeRatio": 0.3789173789,
    "eps": 3.31,
    "epsdiluted": 3.3,
    "weightedAverageShsOut": 240800000,
    "weightedAverageShsOutDil": 241800000,
    "link": "https://www.sec.gov/Archives/edgar/data/64040/000006404021000155/0000064040-21-000155-index.htm",
    "finalLink": "https://www.sec.gov/Archives/edgar/data/64040/000006404021000155/spgi-20210630.htm"
  },
  {
    "date": "2021-03-31",
    "symbol": "SPGI",
    "reportedCurrency": "USD",
    "cik": "0000064040",
    "fillingDate": "2021-04-29",
    "acceptedDate": "2021-04-29 17:07:31",
    "calendarYear": "2021",
    "period": "Q1",
    "revenue": 2016000000,
    "costOfRevenue": 527000000,
    "grossProfit": 1489000000,
    "grossProfitRatio": 0.7385912698,
    "researchAndDevelopmentExpenses": 0,
    "generalAndAdministrativeExpenses": 0,
    "sellingAndMarketingExpenses": 0,
    "sellingGeneralAndAdministrativeExpenses": 360000000,
    "otherExpenses": 11000000,
    "operatingExpenses": 410000000,
    "costAndExpenses": 937000000,
    "interestIncome": 0,
    "interestExpense": 32000000,
    "depreciationAndAmortization": 50000000,
    "ebitda": 1191000000,
    "ebitdaratio": 0.5907738095,
    "operatingIncome": 1081000000,
    "operatingIncomeRatio": 0.5362103175,
    "totalOtherIncomeExpensesNet": -25000000,
    "incomeBeforeTax": 1056000000,
    "incomeBeforeTaxRatio": 0.5238095238,
    "incomeTaxExpense": 248000000,
    "netIncome": 755000000,
    "netIncomeRatio": 0.3745039683,
    "eps": 3.14,
    "epsdiluted": 3.12,
    "weightedAverageShsOut": 240600000,
    "weightedAverageShsOutDil": 241600000,
    "link": "https://www.sec.gov/Archives/edgar/data/64040/000006404021000121/0000064040-21-000121-index.htm",
    "finalLink": "https://www.sec.gov/Archives/edgar/data/64040/000006404021000121/spgi-20210331.htm"
  },
  {
    "date": "2020-12-31",
    "symbol": "SPGI",
    "reportedCurrency": "USD",
    "cik": "0000064040",
    "fillingDate": "2021-02-09",
    "acceptedDate": "2021-02-09 17:08:31",
    "calendarYear": "2020",
    "period": "Q4",
    "revenue": 1867000000,
    "costOfRevenue": 559000000,
    "grossProfit": 1308000000,
    "grossProfitRatio": 0.7005891805,
    "researchAndDevelopmentExpenses": 8000000,
    "generalAndAdministrativeExpenses": 0,
    "sellingAndMarketingExpenses": 0,
    "sellingGeneralAndAdministrativeExpenses": 599000000,
    "otherExpenses": 16000000,
    "operatingExpenses": 1211000000,
    "costAndExpenses": 1211000000,
    "interestIncome": 0,
    "interestExpense": 32000000,
    "depreciationAndAmortization": 52000000,
    "ebitda": 724000000,
    "ebitdaratio": 0.387787895,
    "operatingIncome": 656000000,
    "operatingIncomeRatio": 0.3513658275,
    "totalOtherIncomeExpensesNet": -17000000,
    "incomeBeforeTax": 640000000,
    "incomeBeforeTaxRatio": 0.3427959293,
    "incomeTaxExpense": 135000000,
    "netIncome": 454000000,
    "netIncomeRatio": 0.2431708623,
    "eps": 1.89,
    "epsdiluted": 1.88,
    "weightedAverageShsOut": 240500000,
    "weightedAverageShsOutDil": 241700000,
    "link": "https://www.sec.gov/Archives/edgar/data/64040/000006404021000063/0000064040-21-000063-index.htm",
    "finalLink": "https://www.sec.gov/Archives/edgar/data/64040/000006404021000063/spgi-20201231.htm"
  },
  {
    "date": "2020-09-30",
    "symbol": "SPGI",
    "reportedCurrency": "USD",
    "cik": "0000064040",
    "fillingDate": "2020-10-28",
    "acceptedDate": "2020-10-27 18:20:43",
    "calendarYear": "2020",
    "period": "Q3",
    "revenue": 1846000000,
    "costOfRevenue": 519000000,
    "grossProfit": 1327000000,
    "grossProfitRatio": 0.718851571,
    "researchAndDevelopmentExpenses": 5000000,
    "generalAndAdministrativeExpenses": 0,
    "sellingAndMarketingExpenses": 0,
    "sellingGeneralAndAdministrativeExpenses": 339000000,
    "otherExpenses": 6000000,
    "operatingExpenses": 910000000,
    "costAndExpenses": 910000000,
    "interestIncome": 0,
    "interestExpense": 35000000,
    "depreciationAndAmortization": 54000000,
    "ebitda": 1006000000,
    "ebitdaratio": 0.5449620802,
    "operatingIncome": 944000000,
    "operatingIncomeRatio": 0.511375948,
    "totalOtherIncomeExpensesNet": -308000000,
    "incomeBeforeTax": 636000000,
    "incomeBeforeTaxRatio": 0.3445287107,
    "incomeTaxExpense": 138000000,
    "netIncome": 455000000,
    "netIncomeRatio": 0.2464788732,
    "eps": 1.89,
    "epsdiluted": 1.88,
    "weightedAverageShsOut": 240600000,
    "weightedAverageShsOutDil": 241600000,
    "link": "https://www.sec.gov/Archives/edgar/data/64040/000006404020000188/0000064040-20-000188-index.htm",
    "finalLink": "https://www.sec.gov/Archives/edgar/data/64040/000006404020000188/spgi-20200930.htm"
  },
  {
    "date": "2020-06-30",
    "symbol": "SPGI",
    "reportedCurrency": "USD",
    "cik": "0000064040",
    "fillingDate": "2020-07-28",
    "acceptedDate": "2020-07-28 17:06:42",
    "calendarYear": "2020",
    "period": "Q2",
    "revenue": 1943000000,
    "costOfRevenue": 493000000,
    "grossProfit": 1450000000,
    "grossProfitRatio": 0.7462686567,
    "researchAndDevelopmentExpenses": 0,
    "generalAndAdministrativeExpenses": 0,
    "sellingAndMarketingExpenses": 0,
    "sellingGeneralAndAdministrativeExpenses": 295000000,
    "otherExpenses": 5000000,
    "operatingExpenses": 346000000,
    "costAndExpenses": 839000000,
    "interestIncome": 0,
    "interestExpense": 40000000,
    "depreciationAndAmortization": 51000000,
    "ebitda": 1168000000,
    "ebitdaratio": 0.6011322697,
    "operatingIncome": 1105000000,
    "operatingIncomeRatio": 0.5687081832,
    "totalOtherIncomeExpensesNet": -30000000,
    "incomeBeforeTax": 1075000000,
    "incomeBeforeTaxRatio": 0.553268142,
    "incomeTaxExpense": 233000000,
    "netIncome": 792000000,
    "netIncomeRatio": 0.407617087,
    "eps": 3.29,
    "epsdiluted": 3.28,
    "weightedAverageShsOut": 240900000,
    "weightedAverageShsOutDil": 241900000,
    "link": "https://www.sec.gov/Archives/edgar/data/64040/000006404020000144/0000064040-20-000144-index.htm",
    "finalLink": "https://www.sec.gov/Archives/edgar/data/64040/000006404020000144/spgi-20200630.htm"
  },
  {
    "date": "2020-03-31",
    "symbol": "SPGI",
    "reportedCurrency": "USD",
    "cik": "0000064040",
    "fillingDate": "2020-04-28",
    "acceptedDate": "2020-04-28 17:18:28",
    "calendarYear": "2020",
    "period": "Q1",
    "revenue": 1786000000,
    "costOfRevenue": 521000000,
    "grossProfit": 1265000000,
    "grossProfitRatio": 0.7082866741,
    "researchAndDevelopmentExpenses": 0,
    "generalAndAdministrativeExpenses": 0,
    "sellingAndMarketingExpenses": 0,
    "sellingGeneralAndAdministrativeExpenses": 311000000,
    "otherExpenses": 9000000,
    "operatingExpenses": 360000000,
    "costAndExpenses": 881000000,
    "interestIncome": 0,
    "interestExpense": 34000000,
    "depreciationAndAmortization": 49000000,
    "ebitda": 977000000,
    "ebitdaratio": 0.5470324748,
    "operatingIncome": 912000000,
    "operatingIncomeRatio": 0.5106382979,
    "totalOtherIncomeExpensesNet": -35000000,
    "incomeBeforeTax": 877000000,
    "incomeBeforeTaxRatio": 0.4910414334,
    "incomeTaxExpense": 188000000,
    "netIncome": 639000000,
    "netIncomeRatio": 0.3577827548,
    "eps": 2.64,
    "epsdiluted": 2.62,
    "weightedAverageShsOut": 242100000,
    "weightedAverageShsOutDil": 243300000,
    "link": "https://www.sec.gov/Archives/edgar/data/64040/000006404020000119/0000064040-20-000119-index.htm",
    "finalLink": "https://www.sec.gov/Archives/edgar/data/64040/000006404020000119/spgi-20200331.htm"
  }
]