[
  {
    "date": "2024-12-31",
    "symbol": "SPGI",
    "reportedCurrency": "USD",
    "cik": "0000064040",
    "fillingDate": "2025-02-11",
    "acceptedDate": "2025-02-11 17:29:21",
    "calendarYear": "2024",
    "period": "FY",
    "revenue": 14208000000,
    "costOfRevenue": 4391000000,
    "grossProfit": 9817000000,
    "grossProfitRatio": 0.6909487613,
    "researchAndDevelopmentExpenses": 0,
    "generalAndAdministrativeExpenses": 0,
    "sellingAndMarketingExpenses": 0,
    "sellingGeneralAndAdministrativeExpenses": 3320000000,
    "otherExpenses": 1071000000,
    "operatingExpenses": 4391000000,
    "costAndExpenses": 8628000000,
    "interestIncome": 0,
    "interestExpense": 297000000,
    "depreciationAndAmortization": -25000000,
    "ebitda": 5580000000,
    "ebitdaratio": 0.3927364865,
    "operatingIncome": 5580000000,
    "operatingIncomeRatio": 0.3927364865,
    "totalOtherIncomeExpensesNet": -272000000,
    "incomeBeforeTax": 5308000000,
    "incomeBeforeTaxRatio": 0.3735923423,
    "incomeTaxExpense": 1141000000,
    "netIncome": 3852000000,
    "netIncomeRatio": 0.2711148649,
    "eps": 12.36,
    "epsdiluted": 12.35,
    "weightedAverageShsOut": 311600000,
    "weightedAverageShsOutDil": 311900000,
    "link": "https://www.sec.gov/Archives/edgar/data/64040/000006404025000052/0000064040-25-000052-index.htm",
    "finalLink": "https://www.sec.gov/Archives/edgar/data/64040/000006404025000052/spgi-20241231.htm"
  },
  {
    "date": "2023-12-31",
    "symbol": "SPGI",
    "reportedCurrency": "USD",
    "cik": "0000064040",
    "fillingDate": "2024-02-09",
    "acceptedDate": "2024-02-08 21:12:29",
    "calendarYear": "2023",
    "period": "FY",
    "revenue": 12497000000,
    "costOfRevenue": 4141000000,
    "grossProfit": 8356000000,
    "grossProfitRatio": 0.6686404737,
    "researchAndDevelopmentExpenses": 0,
    "generalAndAdministrativeExpenses": 0,
    "sellingAndMarketingExpenses": 0,
    "sellingGeneralAndAdministrativeExpenses": 2640000000,
    "otherExpenses": 1696000000,
    "operatingExpenses": 4336000000,
    "costAndExpenses": 8477000000,
    "interestIncome": 0,
    "interestExpense": 334000000,
    "depreciationAndAmortization": 1143000000,
    "ebitda": 5141000000,
    "ebitdaratio": 0.4113787309,
    "operatingIncome": 4020000000,
    "operatingIncomeRatio": 0.3216772025,
    "totalOtherIncomeExpensesNet": -349000000,
    "incomeBeforeTax": 3671000000,
    "incomeBeforeTaxRatio": 0.2937505001,
    "incomeTaxExpense": 778000000,
    "netIncome": 2626000000,
    "netIncomeRatio": 0.2101304313,
    "eps": 8.25,
    "epsdiluted": 8.23,
    "weightedAverageShsOut": 318400000,
    "weightedAverageShsOutDil": 318900000,
    "link": "https://www.sec.gov/Archives/edgar/data/64040/000006404024000071/0000064040-24-000071-index.htm",
    "finalLink": "https://www.sec.gov/Archives/edgar/data/64040/000006404024000071/spgi-20231231.htm"
  },
  {
    "date": "2022-12-31",
    "symbol": "SPGI",
    "reportedCurrency": "USD",
    "cik": "0000064040",
    "fillingDate": "2023-02-10",
    "acceptedDate": "2023-02-09 20:31:52",
    "calendarYear": "2022",
    "period": "FY",
    "revenue": 11181000000,
    "costOfRevenue": 3766000000,
    "grossProfit": 7415000000,
    "grossProfitRatio": 0.6631786066,
    "researchAndDevelopmentExpenses": 0,
    "generalAndAdministrativeExpenses": 0,
    "sellingAndMarketingExpenses": 0,
    "sellingGeneralAndAdministrativeExpenses": 3383000000,
    "otherExpenses": 4779000000,
    "operatingExpenses": 8162000000,
    "costAndExpenses": 8162000000,
    "interestIncome": 304000000,
    "interestExpense": 304000000,
    "depreciationAndAmortization": 1013000000,
    "ebitda": 4954000000,
    "ebitdaratio": 0.4430730704,
    "operatingIncome": 3116000000,
    "operatingIncomeRatio": 0.2786870584,
    "totalOtherIncomeExpensesNet": -242000000,
    "incomeBeforeTax": 4702000000,
    "incomeBeforeTaxRatio": 0.4205348359,
    "incomeTaxExpense": 1180000000,
    "netIncome": 3248000000,
    "netIncomeRatio": 0.2904928003,
    "eps": 10.25,
    "epsdiluted": 10.2,
    "weightedAverageShsOut": 316900000,
    "weightedAverageShsOutDil": 318500000,
    "link": "https://www.sec.gov/Archives/edgar/data/64040/000006404023000058/0000064040-23-000058-index.htm",
    "finalLink": "https://www.sec.gov/Archives/edgar/data/64040/000006404023000058/spgi-20221231.htm"
  },
  {
    "date": "2021-12-31",
    "symbol": "SPGI",
    "reportedCurrency": "USD",
    "cik": "0000064040",
    "fillingDate": "2022-02-08",
    "acceptedDate": "2022-02-08 17:17:01",
    "calendarYear": "2021",
    "period": "FY",
    "revenue": 8297000000,
    "costOfRevenue": 2195000000,
    "grossProfit": 6102000000,
    "grossProfitRatio": 0.7354465469,
    "researchAndDevelopmentExpenses": 13000000,
    "generalAndAdministrativeExpenses": 0,
    "sellingAndMarketingExpenses": 0,
    "sellingGeneralAndAdministrativeExpenses": 1714000000,
    "otherExpenses": 2373000000,
    "operatingExpenses": 4087000000,
    "costAndExpenses": 4087000000,
    "interestIncome": 119000000,
    "interestExpense": 119000000,
    "depreciationAndAmortization": 178000000,
    "ebitda": 4710000000,
    "ebitdaratio": 0.5676750633,
    "operatingIncome": 4221000000,
    "operatingIncomeRatio": 0.5087380981,
    "totalOtherIncomeExpensesNet": -57000000,
    "incomeBeforeTax": 4164000000,
    "incomeBeforeTaxRatio": 0.5018681451,
    "incomeTaxExpense": 901000000,
    "netIncome": 3024000000,
    "netIncomeRatio": 0.3644690852,
    "eps": 12.56,
    "epsdiluted": 12.51,
    "weightedAverageShsOut": 240800000,
    "weightedAverageShsOutDil": 241800000,
    "link": "https://www.sec.gov/Archives/edgar/data/64040/000006404022000055/0000064040-22-000055-index.htm",
    "finalLink": "https://www.sec.gov/Archives/edgar/data/64040/000006404022000055/spgi-20211231.htm"
  },
  {
    "date": "2020-12-31",
    "symbol": "SPGI",
    "reportedCurrency": "USD",
    "cik": "0000064040",
    "fillingDate": "2021-02-09",
    "acceptedDate": "2021-02-09 17:08:31",
    "calendarYear": "2020",
    "period": "FY",
    "revenue": 7442000000,
    "costOfRevenue": 2092000000,
    "grossProfit": 5350000000,
    "grossProfitRatio": 0.7188927708,
    "researchAndDevelopmentExpenses": 0,
    "generalAndAdministrativeExpenses": 0,
    "sellingAndMarketingExpenses": 0,
    "sellingGeneralAndAdministrativeExpenses": 1543000000,
    "otherExpenses": 2298000000,
    "operatingExpenses": 3841000000,
    "costAndExpenses": 3841000000,
    "interestIncome": 141000000,
    "interestExpense": 141000000,
    "depreciationAndAmortization": 206000000,
    "ebitda": 4076000000,
    "ebitdaratio": 0.5477022306,
    "operatingIncome": 3617000000,
    "operatingIncomeRatio": 0.486025262,
    "totalOtherIncomeExpensesNet": -389000000,
    "incomeBeforeTax": 3228000000,
    "incomeBeforeTaxRatio": 0.4337543671,
    "incomeTaxExpense": 694000000,
    "netIncome": 2339000000,
    "netIncomeRatio": 0.3142972319,
    "eps": 9.71,
    "epsdiluted": 9.66,
    "weightedAverageShsOut": 241000000,
    "weightedAverageShsOutDil": 242100000,
    "link": "https://www.sec.gov/Archives/edgar/data/64040/000006404021000063/0000064040-21-000063-index.htm",
    "finalLink": "https://www.sec.gov/Archives/edgar/data/64040/000006404021000063/spgi-20201231.htm"
  },
  {
    "date": "2019-12-31",
    "symbol": "SPGI",
    "reportedCurrency": "USD",
    "cik": "0000064040",
    "fillingDate": "2020-02-10",
    "acceptedDate": "2020-02-10 17:30:11",
    "calendarYear": "2019",
    "period": "FY",
    "revenue": 6699000000,
    "costOfRevenue": 1801000000,
    "grossProfit": 4898000000,
    "grossProfitRatio": 0.7311539036,
    "researchAndDevelopmentExpenses": 0,
    "generalAndAdministrativeExpenses": 0,
    "sellingAndMarketingExpenses": 0,
    "sellingGeneralAndAdministrativeExpenses": 1517000000,
    "otherExpenses": 2005000000,
    "operatingExpenses": 3522000000,
    "costAndExpenses": 3522000000,
    "interestIncome": 141000000,
    "interestExpense": 198000000,
    "depreciationAndAmortization": 204000000,
    "ebitda": 3476000000,
    "ebitdaratio": 0.5188834154,
    "operatingIncome": 3226000000,
    "operatingIncomeRatio": 0.4815644126,
    "totalOtherIncomeExpensesNet": -296000000,
    "incomeBeforeTax": 2930000000,
    "incomeBeforeTaxRatio": 0.4373787132,
    "incomeTaxExpense": 627000000,
    "netIncome": 2123000000,
    "netIncomeRatio": 0.3169129721,
    "eps": 8.65,
    "epsdiluted": 8.6,
    "weightedAverageShsOut": 245400000,
    "weightedAverageShsOutDil": 246900000,
    "link": "https://www.sec.gov/Archives/edgar/data/64040/000006404020000055/0000064040-20-000055-index.htm",
    "finalLink": "https://www.sec.gov/Archives/edgar/data/64040/000006404020000055/spgi-20191231x10k.htm"
  },
  {
    "date": "2018-12-31",
    "symbol": "SPGI",
    "reportedCurrency": "USD",
    "cik": "0000064040",
    "fillingDate": "2019-02-13",
    "acceptedDate": "2019-02-12 18:15:22",
    "calendarYear": "2018",
    "period": "FY",
    "revenue": 6258000000,
    "costOfRevenue": 3468000000,
    "grossProfit": 2790000000,
    "grossProfitRatio": 0.4458293384,
    "researchAndDevelopmentExpenses": 0,
    "generalAndAdministrativeExpenses": 0,
    "sellingAndMarketingExpenses": 0,
    "sellingGeneralAndAdministrativeExpenses": 1561000000,
    "otherExpenses": 25000000,
    "operatingExpenses": 3468000000,
    "costAndExpenses": 3468000000,
    "interestIncome": 0,
    "interestExpense": 134000000,
    "depreciationAndAmortization": 206000000,
    "ebitda": 3021000000,
    "ebitdaratio": 0.4827420901,
    "operatingIncome": 2790000000,
    "operatingIncomeRatio": 0.4458293384,
    "totalOtherIncomeExpensesNet": -109000000,
    "incomeBeforeTax": 2681000000,
    "incomeBeforeTaxRatio": 0.4284116331,
    "incomeTaxExpense": 560000000,
    "netIncome": 1958000000,
    "netIncomeRatio": 0.3128795142,
    "eps": 7.8,
    "epsdiluted": 7.73,
    "weightedAverageShsOut": 250900000,
    "weightedAverageShsOutDil": 253200000,
    "link": "https://www.sec.gov/Archives/edgar/data/64040/000006404019000059/0000064040-19-000059-index.htm",
    "finalLink": "https://www.sec.gov/Archives/edgar/data/64040/000006404019000059/spgi-20181231x10k.htm"
  },
  {
    "date": "2017-12-31",
    "symbol": "SPGI",
    "reportedCurrency": "USD",
    "cik": "0000064040",
    "fillingDate": "2018-02-09",
    "acceptedDate": "2018-02-09 16:40:54",
    "calendarYear": "2017",
    "period": "FY",
    "revenue": 6063000000,
    "costOfRevenue": 3453000000,
    "grossProfit": 2610000000,
    "grossProfitRatio": 0.4304799604,
    "researchAndDevelopmentExpenses": 0,
    "generalAndAdministrativeExpenses": 0,
    "sellingAndMarketingExpenses": 0,
    "sellingGeneralAndAdministrativeExpenses": 1560000000,
    "otherExpenses": 1893000000,
    "operatingExpenses": 3453000000,
    "costAndExpenses": 3453000000,
    "interestIncome": 0,
    "interestExpense": 149000000,
    "depreciationAndAmortization": 180000000,
    "ebitda": 2790000000,
    "ebitdaratio": 0.4601682335,
    "operatingIncome": 2610000000,
    "operatingIncomeRatio": 0.4304799604,
    "totalOtherIncomeExpensesNet": -122000000,
    "incomeBeforeTax": 2461000000,
    "incomeBeforeTaxRatio": 0.4059046677,
    "incomeTaxExpense": 823000000,
    "netIncome": 1496000000,
    "netIncomeRatio": 0.2467425367,
    "eps": 5.84,
    "epsdiluted": 5.78,
    "weightedAverageShsOut": 256300000,
    "weightedAverageShsOutDil": 258900000,
    "link": "https://www.sec.gov/Archives/edgar/data/64040/000006404018000061/0000064040-18-000061-index.htm",
    "finalLink": "https://www.sec.gov/Archives/edgar/data/64040/000006404018000061/spgi-20171231x10k.htm"
  },
  {
    "date": "2016-12-31",
    "symbol": "SPGI",
    "reportedCurrency": "USD",
    "cik": "0000064040",
    "fillingDate": "2017-02-09",
    "acceptedDate": "2017-02-09 08:45:42",
    "calendarYear": "2016",
    "period": "FY",
    "revenue": 5661000000,
    "costOfRevenue": 3393000000,
    "grossProfit": 2268000000,
    "grossProfitRatio": 0.40063593,
    "researchAndDevelopmentExpenses": 24000000,
    "generalAndAdministrativeExpenses": 0,
    "sellingAndMarketingExpenses": 0,
    "sellingGeneralAndAdministrativeExpenses": 1443000000,
    "otherExpenses": 1950000000,
    "operatingExpenses": 3393000000,
    "costAndExpenses": 3393000000,
    "interestIncome": 0,
    "interestExpense": 181000000,
    "depreciationAndAmortization": 181000000,
    "ebitda": 2470000000,
    "ebitdaratio": 0.4363186716,
    "operatingIncome": 3369000000,
    "operatingIncomeRatio": 0.5951245363,
    "totalOtherIncomeExpensesNet": -153000000,
    "incomeBeforeTax": 3188000000,
    "incomeBeforeTaxRatio": 0.5631513867,
    "incomeTaxExpense": 960000000,
    "netIncome": 2106000000,
    "netIncomeRatio": 0.3720190779,
    "eps": 8.02,
    "epsdiluted": 7.94,
    "weightedAverageShsOut": 262800000,
    "weightedAverageShsOutDil": 265200000,
    "link": "https://www.sec.gov/Archives/edgar/data/64040/000006404017000015/0000064040-17-000015-index.htm",
    "finalLink": "https://www.sec.gov/Archives/edgar/data/64040/000006404017000015/spgi-20161231x10k.htm"
  },
  {
    "date": "2015-12-31",
    "symbol": "SPGI",
    "reportedCurrency": "USD",
    "cik": "0000064040",
    "fillingDate": "2016-02-12",
    "acceptedDate": "2016-02-11 18:16:14",
    "calendarYear": "2015",
    "period": "FY",
    "revenue": 5313000000,
    "costOfRevenue": 3407000000,
    "grossProfit": 1906000000,
    "grossProfitRatio": 0.3587427066,
    "researchAndDevelopmentExpenses": 0,
    "generalAndAdministrativeExpenses": 0,
    "sellingAndMarketingExpenses": 0,
    "sellingGeneralAndAdministrativeExpenses": 1578000000,
    "otherExpenses": 1818000000,
    "operatingExpenses": 3396000000,
    "costAndExpenses": 3396000000,
    "interestIncome": 0,
    "interestExpense": 102000000,
    "depreciationAndAmortization": 157000000,
    "ebitda": 2074000000,
    "ebitdaratio": 0.3903632599,
    "operatingIncome": 1917000000,
    "operatingIncomeRatio": 0.3608130999,
    "totalOtherIncomeExpensesNet": -102000000,
    "incomeBeforeTax": 1815000000,
    "incomeBeforeTaxRatio": 0.3416149068,
    "incomeTaxExpense": 547000000,
    "netIncome": 1156000000,
    "netIncomeRatio": 0.2175795219,
    "eps": 4.26,
    "epsdiluted": 4.21,
    "weightedAverageShsOut": 271600000,
    "weightedAverageShsOutDil": 274600000,
    "link": "https://www.sec.gov/Archives/edgar/data/64040/000006404016000042/0000064040-16-000042-index.htm",
    "finalLink": "https://www.sec.gov/Archives/edgar/data/64040/000006404016000042/mhfi-20151231x10k.htm"
  }
]