[
  {
    "date": "2024-12-31",
    "symbol": "SPOT",
    "reportedCurrency": "EUR",
    "cik": "0001639920",
    "fillingDate": "2025-02-05",
    "acceptedDate": "2025-02-05 16:55:57",
    "calendarYear": "2024",
    "period": "Q4",
    "revenue": 4242000000,
    "costOfRevenue": 2874000000,
    "grossProfit": 1368000000,
    "grossProfitRatio": 0.3224893918,
    "researchAndDevelopmentExpenses": 376000000,
    "generalAndAdministrativeExpenses": 122000000,
    "sellingAndMarketingExpenses": 393000000,
    "sellingGeneralAndAdministrativeExpenses": 515000000,
    "otherExpenses": 0,
    "operatingExpenses": 891000000,
    "costAndExpenses": 3765000000,
    "interestIncome": 63000000,
    "interestExpense": 9000000,
    "depreciationAndAmortization": 30000000,
    "ebitda": 538000000,
    "ebitdaratio": 0.1268269684,
    "operatingIncome": 477000000,
    "operatingIncomeRatio": 0.112446959,
    "totalOtherIncomeExpensesNet": 22000000,
    "incomeBeforeTax": 499000000,
    "incomeBeforeTaxRatio": 0.1176331919,
    "incomeTaxExpense": 132000000,
    "netIncome": 367000000,
    "netIncomeRatio": 0.0865157944,
    "eps": 1.77,
    "epsdiluted": 1.77,
    "weightedAverageShsOut": 206896694,
    "weightedAverageShsOutDil": 207399501,
    "link": "https://www.sec.gov/Archives/edgar/data/1639920/000163992025000003/0001639920-25-000003-index.htm",
    "finalLink": "https://www.sec.gov/Archives/edgar/data/1639920/000163992025000003/ck0001639920-20241231.htm"
  },
  {
    "date": "2024-09-30",
    "symbol": "SPOT",
    "reportedCurrency": "EUR",
    "cik": "0001639920",
    "fillingDate": "2024-11-12",
    "acceptedDate": "2024-11-12 16:13:44",
    "calendarYear": "2024",
    "period": "Q3",
    "revenue": 3988000000,
    "costOfRevenue": 2748000000,
    "grossProfit": 1240000000,
    "grossProfitRatio": 0.3109327984,
    "researchAndDevelopmentExpenses": 342000000,
    "generalAndAdministrativeExpenses": 112000000,
    "sellingAndMarketingExpenses": 332000000,
    "sellingGeneralAndAdministrativeExpenses": 444000000,
    "otherExpenses": 0,
    "operatingExpenses": 786000000,
    "costAndExpenses": 3534000000,
    "interestIncome": 61000000,
    "interestExpense": 6000000,
    "depreciationAndAmortization": 30000000,
    "ebitda": 437000000,
    "ebitdaratio": 0.1095787362,
    "operatingIncome": 454000000,
    "operatingIncomeRatio": 0.1138415246,
    "totalOtherIncomeExpensesNet": -56000000,
    "incomeBeforeTax": 398000000,
    "incomeBeforeTaxRatio": 0.0997993982,
    "incomeTaxExpense": 98000000,
    "netIncome": 300000000,
    "netIncomeRatio": 0.075225677,
    "eps": 1.49,
    "epsdiluted": 1.45,
    "weightedAverageShsOut": 206896694,
    "weightedAverageShsOutDil": 207399501,
    "link": "https://www.sec.gov/Archives/edgar/data/1639920/000114036124046169/0001140361-24-046169-index.htm",
    "finalLink": "https://www.sec.gov/Archives/edgar/data/1639920/000114036124046169/ef20038206_ex99-1.htm"
  },
  {
    "date": "2024-06-30",
    "symbol": "SPOT",
    "reportedCurrency": "EUR",
    "cik": "0001639920",
    "fillingDate": "2024-07-23",
    "acceptedDate": "2024-07-23 06:09:52",
    "calendarYear": "2024",
    "period": "Q2",
    "revenue": 3807000000,
    "costOfRevenue": 2715666367,
    "grossProfit": 1091333633,
    "grossProfitRatio": 0.2866649942,
    "researchAndDevelopmentExpenses": 379000000,
    "generalAndAdministrativeExpenses": 124000000,
    "sellingAndMarketingExpenses": 343000000,
    "sellingGeneralAndAdministrativeExpenses": 467000000,
    "otherExpenses": 0,
    "operatingExpenses": 846000000,
    "costAndExpenses": 3541000000,
    "interestIncome": 76000000,
    "interestExpense": 72000000,
    "depreciationAndAmortization": 17000000,
    "ebitda": 283000000,
    "ebitdaratio": 0.0743367481,
    "operatingIncome": 266000000,
    "operatingIncomeRatio": 0.0698712897,
    "totalOtherIncomeExpensesNet": 4000000,
    "incomeBeforeTax": 270000000,
    "incomeBeforeTaxRatio": 0.0709219858,
    "incomeTaxExpense": -4000000,
    "netIncome": 274000000,
    "netIncomeRatio": 0.0719726819,
    "eps": 1.33,
    "epsdiluted": 1.33,
    "weightedAverageShsOut": 206015037,
    "weightedAverageShsOutDil": 206119851,
    "link": "https://www.sec.gov/Archives/edgar/data/1639920/000114036124033792/0001140361-24-033792-index.htm",
    "finalLink": "https://www.sec.gov/Archives/edgar/data/1639920/000114036124033792/ef20032688_ex99-1.htm"
  },
  {
    "date": "2024-03-31",
    "symbol": "SPOT",
    "reportedCurrency": "EUR",
    "cik": "0001639920",
    "fillingDate": "2024-02-06",
    "acceptedDate": "2024-02-06 06:08:33",
    "calendarYear": "2024",
    "period": "Q1",
    "revenue": 3636000000,
    "costOfRevenue": 2632000000,
    "grossProfit": 1004000000,
    "grossProfitRatio": 0.2761276128,
    "researchAndDevelopmentExpenses": 389000000,
    "generalAndAdministrativeExpenses": 123000000,
    "sellingAndMarketingExpenses": 324000000,
    "sellingGeneralAndAdministrativeExpenses": 447000000,
    "otherExpenses": 0,
    "operatingExpenses": 836000000,
    "costAndExpenses": 3468000000,
    "interestIncome": 59000000,
    "interestExpense": 53000000,
    "depreciationAndAmortization": 31182479,
    "ebitda": 214000000,
    "ebitdaratio": 0.0588558856,
    "operatingIncome": 168000000,
    "operatingIncomeRatio": 0.0462046205,
    "totalOtherIncomeExpensesNet": 6000000,
    "incomeBeforeTax": 174000000,
    "incomeBeforeTaxRatio": 0.0478547855,
    "incomeTaxExpense": -23000000,
    "netIncome": 197000000,
    "netIncomeRatio": 0.054180418,
    "eps": 0.99,
    "epsdiluted": 0.97,
    "weightedAverageShsOut": 198025456,
    "weightedAverageShsOutDil": 203773043,
    "link": "https://www.sec.gov/Archives/edgar/data/1639920/000114036124005769/0001140361-24-005769-index.htm",
    "finalLink": "https://www.sec.gov/Archives/edgar/data/1639920/000114036124005769/ef20020473_ex99-1.htm"
  },
  {
    "date": "2023-12-31",
    "symbol": "SPOT",
    "reportedCurrency": "EUR",
    "cik": "0001639920",
    "fillingDate": "2024-02-08",
    "acceptedDate": "2024-02-08 17:06:46",
    "calendarYear": "2023",
    "period": "Q4",
    "revenue": 3671000000,
    "costOfRevenue": 2691000000,
    "grossProfit": 980000000,
    "grossProfitRatio": 0.2669572324,
    "researchAndDevelopmentExpenses": 468000000,
    "generalAndAdministrativeExpenses": 155000000,
    "sellingAndMarketingExpenses": 432000000,
    "sellingGeneralAndAdministrativeExpenses": 587000000,
    "otherExpenses": 0,
    "operatingExpenses": 1055000000,
    "costAndExpenses": 3746000000,
    "interestIncome": 41000000,
    "interestExpense": 20000000,
    "depreciationAndAmortization": 33127609,
    "ebitda": 12000000,
    "ebitdaratio": 0.0032688641,
    "operatingIncome": -75000000,
    "operatingIncomeRatio": -0.0204304004,
    "totalOtherIncomeExpensesNet": -56000000,
    "incomeBeforeTax": -131000000,
    "incomeBeforeTaxRatio": -0.0356850994,
    "incomeTaxExpense": -61000000,
    "netIncome": -70000000,
    "netIncomeRatio": -0.0190683737,
    "eps": -0.36,
    "epsdiluted": -0.36,
    "weightedAverageShsOut": 197143389,
    "weightedAverageShsOutDil": 197143389,
    "link": "https://www.sec.gov/Archives/edgar/data/1639920/000163992024000004/0001639920-24-000004-index.htm",
    "finalLink": "https://www.sec.gov/Archives/edgar/data/1639920/000163992024000004/ck0001639920-20231231.htm"
  },
  {
    "date": "2023-09-30",
    "symbol": "SPOT",
    "reportedCurrency": "EUR",
    "cik": "0001639920",
    "fillingDate": "2023-09-30",
    "acceptedDate": "2023-09-30 00:00:00",
    "calendarYear": "2023",
    "period": "Q3",
    "revenue": 3357000000,
    "costOfRevenue": 2472000000,
    "grossProfit": 885000000,
    "grossProfitRatio": 0.2636282395,
    "researchAndDevelopmentExpenses": 369000000,
    "generalAndAdministrativeExpenses": 129000000,
    "sellingAndMarketingExpenses": 355000000,
    "sellingGeneralAndAdministrativeExpenses": 484000000,
    "otherExpenses": 0,
    "operatingExpenses": 853000000,
    "costAndExpenses": 3325000000,
    "interestIncome": 34000000,
    "interestExpense": 9000000,
    "depreciationAndAmortization": 37047102,
    "ebitda": 118000000,
    "ebitdaratio": 0.0351504319,
    "operatingIncome": 32000000,
    "operatingIncomeRatio": 0.0095323205,
    "totalOtherIncomeExpensesNet": 41000000,
    "incomeBeforeTax": 73000000,
    "incomeBeforeTaxRatio": 0.0217456062,
    "incomeTaxExpense": 8000000,
    "netIncome": 65000000,
    "netIncomeRatio": 0.0193625261,
    "eps": 0.34,
    "epsdiluted": 0.34,
    "weightedAverageShsOut": 194881723,
    "weightedAverageShsOutDil": 198012369,
    "link": null,
    "finalLink": null
  },
  {
    "date": "2023-06-30",
    "symbol": "SPOT",
    "reportedCurrency": "EUR",
    "cik": "0001639920",
    "fillingDate": "2023-06-30",
    "acceptedDate": "2023-06-30 00:00:00",
    "calendarYear": "2023",
    "period": "Q2",
    "revenue": 3466826713,
    "costOfRevenue": 2574203404,
    "grossProfit": 892623309,
    "grossProfitRatio": 0.257475606,
    "researchAndDevelopmentExpenses": 494325621,
    "generalAndAdministrativeExpenses": 149498035,
    "sellingAndMarketingExpenses": 411392405,
    "sellingGeneralAndAdministrativeExpenses": 560890440,
    "otherExpenses": -5000000,
    "operatingExpenses": 1055216061,
    "costAndExpenses": 3629419465,
    "interestIncome": 21824530,
    "interestExpense": 10000000,
    "depreciationAndAmortization": 43903228,
    "ebitda": -157000000,
    "ebitdaratio": -0.0452863708,
    "operatingIncome": -112396333,
    "operatingIncomeRatio": -0.0324205224,
    "totalOtherIncomeExpensesNet": 6000000,
    "incomeBeforeTax": -262985595,
    "incomeBeforeTaxRatio": -0.0758577272,
    "incomeTaxExpense": 66564818,
    "netIncome": -329550414,
    "netIncomeRatio": -0.0950582308,
    "eps": -1.7,
    "epsdiluted": -1.7,
    "weightedAverageShsOut": 194420128,
    "weightedAverageShsOutDil": 194420128,
    "link": null,
    "finalLink": null
  },
  {
    "date": "2023-03-31",
    "symbol": "SPOT",
    "reportedCurrency": "EUR",
    "cik": "0001639920",
    "fillingDate": "2023-03-31",
    "acceptedDate": "2023-03-31 00:00:00",
    "calendarYear": "2023",
    "period": "Q1",
    "revenue": 3042000000,
    "costOfRevenue": 2276000000,
    "grossProfit": 766000000,
    "grossProfitRatio": 0.251808021,
    "researchAndDevelopmentExpenses": 435000000,
    "generalAndAdministrativeExpenses": 140000000,
    "sellingAndMarketingExpenses": 347000000,
    "sellingGeneralAndAdministrativeExpenses": 487000000,
    "otherExpenses": -43000000,
    "operatingExpenses": 922000000,
    "costAndExpenses": 3198000000,
    "interestIncome": 27000000,
    "interestExpense": 77000000,
    "depreciationAndAmortization": 43558808,
    "ebitda": -156000000,
    "ebitdaratio": -0.0512820513,
    "operatingIncome": -156000000,
    "operatingIncomeRatio": -0.0512820513,
    "totalOtherIncomeExpensesNet": -50000000,
    "incomeBeforeTax": -206000000,
    "incomeBeforeTaxRatio": -0.0677186062,
    "incomeTaxExpense": 19000000,
    "netIncome": -225000000,
    "netIncomeRatio": -0.073964497,
    "eps": -1.16,
    "epsdiluted": -1.16,
    "weightedAverageShsOut": 193562462,
    "weightedAverageShsOutDil": 193562462,
    "link": null,
    "finalLink": null
  },
  {
    "date": "2022-12-31",
    "symbol": "SPOT",
    "reportedCurrency": "EUR",
    "cik": "0001639920",
    "fillingDate": "2023-02-02",
    "acceptedDate": "2023-02-02 16:43:51",
    "calendarYear": "2022",
    "period": "Q4",
    "revenue": 3166000000,
    "costOfRevenue": 2365000000,
    "grossProfit": 801000000,
    "grossProfitRatio": 0.2530006317,
    "researchAndDevelopmentExpenses": 415000000,
    "generalAndAdministrativeExpenses": 164000000,
    "sellingAndMarketingExpenses": 453000000,
    "sellingGeneralAndAdministrativeExpenses": 617000000,
    "otherExpenses": -15000000,
    "operatingExpenses": 1032000000,
    "costAndExpenses": 3397000000,
    "interestIncome": 22000000,
    "interestExpense": 27000000,
    "depreciationAndAmortization": 47654905,
    "ebitda": -214000000,
    "ebitdaratio": -0.0675931775,
    "operatingIncome": -231000000,
    "operatingIncomeRatio": -0.072962729,
    "totalOtherIncomeExpensesNet": -60000000,
    "incomeBeforeTax": -291000000,
    "incomeBeforeTaxRatio": -0.0919140872,
    "incomeTaxExpense": -21000000,
    "netIncome": -270000000,
    "netIncomeRatio": -0.0852811118,
    "eps": -1.4,
    "epsdiluted": -1.4,
    "weightedAverageShsOut": 193293269,
    "weightedAverageShsOutDil": 193293269,
    "link": "https://www.sec.gov/Archives/edgar/data/1639920/000163992023000004/0001639920-23-000004-index.htm",
    "finalLink": "https://www.sec.gov/Archives/edgar/data/1639920/000163992023000004/ck0001639920-20221231.htm"
  },
  {
    "date": "2022-09-30",
    "symbol": "SPOT",
    "reportedCurrency": "EUR",
    "cik": "0001639920",
    "fillingDate": "2022-09-30",
    "acceptedDate": "2022-09-29 20:00:00",
    "calendarYear": "2022",
    "period": "Q3",
    "revenue": 3036000000,
    "costOfRevenue": 2286000000,
    "grossProfit": 750000000,
    "grossProfitRatio": 0.2470355731,
    "researchAndDevelopmentExpenses": 386000000,
    "generalAndAdministrativeExpenses": 160000000,
    "sellingAndMarketingExpenses": 432000000,
    "sellingGeneralAndAdministrativeExpenses": 592000000,
    "otherExpenses": 28000000,
    "operatingExpenses": 978000000,
    "costAndExpenses": 3264000000,
    "interestIncome": 15000000,
    "interestExpense": 11000000,
    "depreciationAndAmortization": 45198394,
    "ebitda": -147000000,
    "ebitdaratio": -0.0484189723,
    "operatingIncome": -228000000,
    "operatingIncomeRatio": -0.0750988142,
    "totalOtherIncomeExpensesNet": 84000000,
    "incomeBeforeTax": -144000000,
    "incomeBeforeTaxRatio": -0.04743083,
    "incomeTaxExpense": 22000000,
    "netIncome": -166000000,
    "netIncomeRatio": -0.0546772069,
    "eps": -0.86,
    "epsdiluted": -0.85,
    "weightedAverageShsOut": 193077334,
    "weightedAverageShsOutDil": 195988834,
    "link": "",
    "finalLink": ""
  },
  {
    "date": "2022-06-30",
    "symbol": "SPOT",
    "reportedCurrency": "EUR",
    "cik": "0001639920",
    "fillingDate": "2022-06-30",
    "acceptedDate": "2022-06-29 20:00:00",
    "calendarYear": "2022",
    "period": "Q2",
    "revenue": 2864000000,
    "costOfRevenue": 2160000000,
    "grossProfit": 704000000,
    "grossProfitRatio": 0.2458100559,
    "researchAndDevelopmentExpenses": 336000000,
    "generalAndAdministrativeExpenses": 171000000,
    "sellingAndMarketingExpenses": 391000000,
    "sellingGeneralAndAdministrativeExpenses": 562000000,
    "otherExpenses": 41000000,
    "operatingExpenses": 898000000,
    "costAndExpenses": 3058000000,
    "interestIncome": 7000000,
    "interestExpense": 10000000,
    "depreciationAndAmortization": 40620465,
    "ebitda": -110000000,
    "ebitdaratio": -0.0384078212,
    "operatingIncome": -194000000,
    "operatingIncomeRatio": -0.0677374302,
    "totalOtherIncomeExpensesNet": 104000000,
    "incomeBeforeTax": -90000000,
    "incomeBeforeTaxRatio": -0.031424581,
    "incomeTaxExpense": 35000000,
    "netIncome": -125000000,
    "netIncomeRatio": -0.0436452514,
    "eps": -0.65,
    "epsdiluted": -0.64,
    "weightedAverageShsOut": 192948032,
    "weightedAverageShsOutDil": 195859532,
    "link": "",
    "finalLink": ""
  },
  {
    "date": "2022-03-31",
    "symbol": "SPOT",
    "reportedCurrency": "EUR",
    "cik": "0001639920",
    "fillingDate": "2022-03-31",
    "acceptedDate": "2022-03-30 20:00:00",
    "calendarYear": "2022",
    "period": "Q1",
    "revenue": 2661000000,
    "costOfRevenue": 1990000000,
    "grossProfit": 671000000,
    "grossProfitRatio": 0.2521608418,
    "researchAndDevelopmentExpenses": 250000000,
    "generalAndAdministrativeExpenses": 131000000,
    "sellingAndMarketingExpenses": 296000000,
    "sellingGeneralAndAdministrativeExpenses": 427000000,
    "otherExpenses": 90000000,
    "operatingExpenses": 677000000,
    "costAndExpenses": 2667000000,
    "interestIncome": 3000000,
    "interestExpense": 10000000,
    "depreciationAndAmortization": 37511023,
    "ebitda": 31000000,
    "ebitdaratio": 0.0116497557,
    "operatingIncome": 93000000,
    "operatingIncomeRatio": 0.0349492672,
    "totalOtherIncomeExpensesNet": 161000000,
    "incomeBeforeTax": 155000000,
    "incomeBeforeTaxRatio": 0.0582487787,
    "incomeTaxExpense": 24000000,
    "netIncome": 131000000,
    "netIncomeRatio": 0.0492296129,
    "eps": 0.68,
    "epsdiluted": 0.66,
    "weightedAverageShsOut": 192476022,
    "weightedAverageShsOutDil": 197077256,
    "link": "",
    "finalLink": ""
  },
  {
    "date": "2021-12-31",
    "symbol": "SPOT",
    "reportedCurrency": "EUR",
    "cik": "0001639920",
    "fillingDate": "2022-02-03",
    "acceptedDate": "2022-02-03 16:08:05",
    "calendarYear": "2021",
    "period": "Q4",
    "revenue": 2689000000,
    "costOfRevenue": 1977000000,
    "grossProfit": 712000000,
    "grossProfitRatio": 0.264782447,
    "researchAndDevelopmentExpenses": 253000000,
    "generalAndAdministrativeExpenses": 126000000,
    "sellingAndMarketingExpenses": 340000000,
    "sellingGeneralAndAdministrativeExpenses": 466000000,
    "otherExpenses": -5000000,
    "operatingExpenses": 719000000,
    "costAndExpenses": 2696000000,
    "interestIncome": 20000000,
    "interestExpense": 21000000,
    "depreciationAndAmortization": 33185093,
    "ebitda": 46000000,
    "ebitdaratio": 0.0171067311,
    "operatingIncome": -7000000,
    "operatingIncomeRatio": -0.0026031982,
    "totalOtherIncomeExpensesNet": -1000000,
    "incomeBeforeTax": -8000000,
    "incomeBeforeTaxRatio": -0.0029750837,
    "incomeTaxExpense": 31000000,
    "netIncome": -39000000,
    "netIncomeRatio": -0.0145035329,
    "eps": -0.2,
    "epsdiluted": -0.2,
    "weightedAverageShsOut": 191952473,
    "weightedAverageShsOutDil": 192144654,
    "link": "https://www.sec.gov/Archives/edgar/data/1639920/000163992022000004/0001639920-22-000004-index.htm",
    "finalLink": "https://www.sec.gov/Archives/edgar/data/1639920/000163992022000004/ck0001639920-20211231.htm"
  },
  {
    "date": "2021-09-30",
    "symbol": "SPOT",
    "reportedCurrency": "EUR",
    "cik": "0001639920",
    "fillingDate": "2021-09-30",
    "acceptedDate": "2021-09-29 20:00:00",
    "calendarYear": "2021",
    "period": "Q3",
    "revenue": 2501000000,
    "costOfRevenue": 1833000000,
    "grossProfit": 668000000,
    "grossProfitRatio": 0.2670931627,
    "researchAndDevelopmentExpenses": 208000000,
    "generalAndAdministrativeExpenses": 105000000,
    "sellingAndMarketingExpenses": 280000000,
    "sellingGeneralAndAdministrativeExpenses": 385000000,
    "otherExpenses": 51000000,
    "operatingExpenses": 593000000,
    "costAndExpenses": 2426000000,
    "interestIncome": 3000000,
    "interestExpense": 10000000,
    "depreciationAndAmortization": 33591446,
    "ebitda": 108000000,
    "ebitdaratio": 0.0431827269,
    "operatingIncome": 75000000,
    "operatingIncomeRatio": 0.0299880048,
    "totalOtherIncomeExpensesNet": 87000000,
    "incomeBeforeTax": 162000000,
    "incomeBeforeTaxRatio": 0.0647740904,
    "incomeTaxExpense": 160000000,
    "netIncome": 2000000,
    "netIncomeRatio": 0.0007996801,
    "eps": 0.01,
    "epsdiluted": -0.41,
    "weightedAverageShsOut": 191485473,
    "weightedAverageShsOutDil": 194551862,
    "link": "",
    "finalLink": ""
  },
  {
    "date": "2021-06-30",
    "symbol": "SPOT",
    "reportedCurrency": "EUR",
    "cik": "0001639920",
    "fillingDate": "2021-06-30",
    "acceptedDate": "2021-06-29 20:00:00",
    "calendarYear": "2021",
    "period": "Q2",
    "revenue": 2331000000,
    "costOfRevenue": 1668000000,
    "grossProfit": 663000000,
    "grossProfitRatio": 0.2844272844,
    "researchAndDevelopmentExpenses": 255000000,
    "generalAndAdministrativeExpenses": 117000000,
    "sellingAndMarketingExpenses": 279000000,
    "sellingGeneralAndAdministrativeExpenses": 396000000,
    "otherExpenses": 17000000,
    "operatingExpenses": 651000000,
    "costAndExpenses": 2319000000,
    "interestIncome": 2000000,
    "interestExpense": 10000000,
    "depreciationAndAmortization": 31515657,
    "ebitda": 43000000,
    "ebitdaratio": 0.0184470184,
    "operatingIncome": 12000000,
    "operatingIncomeRatio": 0.0051480051,
    "totalOtherIncomeExpensesNet": -4000000,
    "incomeBeforeTax": 8000000,
    "incomeBeforeTaxRatio": 0.0034320034,
    "incomeTaxExpense": 28000000,
    "netIncome": -20000000,
    "netIncomeRatio": -0.0085800086,
    "eps": -0.1,
    "epsdiluted": -0.1,
    "weightedAverageShsOut": 191172946,
    "weightedAverageShsOutDil": 194084446,
    "link": "",
    "finalLink": ""
  },
  {
    "date": "2021-03-31",
    "symbol": "SPOT",
    "reportedCurrency": "EUR",
    "cik": "0001639920",
    "fillingDate": "2021-03-31",
    "acceptedDate": "2021-03-30 20:00:00",
    "calendarYear": "2021",
    "period": "Q1",
    "revenue": 2147000000,
    "costOfRevenue": 1599000000,
    "grossProfit": 548000000,
    "grossProfitRatio": 0.2552398696,
    "researchAndDevelopmentExpenses": 196000000,
    "generalAndAdministrativeExpenses": 102000000,
    "sellingAndMarketingExpenses": 236000000,
    "sellingGeneralAndAdministrativeExpenses": 338000000,
    "otherExpenses": 49000000,
    "operatingExpenses": 534000000,
    "costAndExpenses": 2133000000,
    "interestIncome": 3000000,
    "interestExpense": 10000000,
    "depreciationAndAmortization": 30744984,
    "ebitda": 45000000,
    "ebitdaratio": 0.0209594783,
    "operatingIncome": 14000000,
    "operatingIncomeRatio": 0.0065207266,
    "totalOtherIncomeExpensesNet": 73000000,
    "incomeBeforeTax": 87000000,
    "incomeBeforeTaxRatio": 0.0405216581,
    "incomeTaxExpense": 64000000,
    "netIncome": 23000000,
    "netIncomeRatio": 0.0107126223,
    "eps": 0.12,
    "epsdiluted": -0.25,
    "weightedAverageShsOut": 190565397,
    "weightedAverageShsOutDil": 191815695,
    "link": "",
    "finalLink": ""
  },
  {
    "date": "2020-12-31",
    "symbol": "SPOT",
    "reportedCurrency": "EUR",
    "cik": "0001639920",
    "fillingDate": "2021-02-05",
    "acceptedDate": "2021-02-05 16:29:00",
    "calendarYear": "2020",
    "period": "Q4",
    "revenue": 2168000000,
    "costOfRevenue": 1593000000,
    "grossProfit": 575000000,
    "grossProfitRatio": 0.2652214022,
    "researchAndDevelopmentExpenses": 232000000,
    "generalAndAdministrativeExpenses": 118000000,
    "sellingAndMarketingExpenses": 294000000,
    "sellingGeneralAndAdministrativeExpenses": 412000000,
    "otherExpenses": 0,
    "operatingExpenses": 644000000,
    "costAndExpenses": 2237000000,
    "interestIncome": 4000000,
    "interestExpense": 114000000,
    "depreciationAndAmortization": 29000000,
    "ebitda": -36000000,
    "ebitdaratio": -0.0166051661,
    "operatingIncome": -69000000,
    "operatingIncomeRatio": -0.0318265683,
    "totalOtherIncomeExpensesNet": -110000000,
    "incomeBeforeTax": -179000000,
    "incomeBeforeTaxRatio": -0.0825645756,
    "incomeTaxExpense": -54000000,
    "netIncome": -125000000,
    "netIncomeRatio": -0.0576568266,
    "eps": -0.66,
    "epsdiluted": -0.66,
    "weightedAverageShsOut": 188849423,
    "weightedAverageShsOutDil": 189852424,
    "link": "https://www.sec.gov/Archives/edgar/data/1639920/000163992021000006/0001639920-21-000006-index.htm",
    "finalLink": "https://www.sec.gov/Archives/edgar/data/1639920/000163992021000006/ck0001639920-20201231.htm"
  },
  {
    "date": "2020-09-30",
    "symbol": "SPOT",
    "reportedCurrency": "EUR",
    "cik": "0001639920",
    "fillingDate": "2020-07-29",
    "acceptedDate": "2020-07-29 06:12:50",
    "calendarYear": "2020",
    "period": "Q3",
    "revenue": 1975000000,
    "costOfRevenue": 1486000000,
    "grossProfit": 489000000,
    "grossProfitRatio": 0.2475949367,
    "researchAndDevelopmentExpenses": 176000000,
    "generalAndAdministrativeExpenses": 97000000,
    "sellingAndMarketingExpenses": 256000000,
    "sellingGeneralAndAdministrativeExpenses": 353000000,
    "otherExpenses": 0,
    "operatingExpenses": 529000000,
    "costAndExpenses": 2015000000,
    "interestIncome": 3000000,
    "interestExpense": 10000000,
    "depreciationAndAmortization": 28000000,
    "ebitda": -12000000,
    "ebitdaratio": -0.0060759494,
    "operatingIncome": -40000000,
    "operatingIncomeRatio": -0.0202531646,
    "totalOtherIncomeExpensesNet": -76000000,
    "incomeBeforeTax": -116000000,
    "incomeBeforeTaxRatio": -0.0587341772,
    "incomeTaxExpense": -15000000,
    "netIncome": -101000000,
    "netIncomeRatio": -0.0511392405,
    "eps": -0.53,
    "epsdiluted": -0.53,
    "weightedAverageShsOut": 188842828,
    "weightedAverageShsOutDil": 189054064,
    "link": "https://www.sec.gov/Archives/edgar/data/1639920/000119312520201723/0001193125-20-201723-index.htm",
    "finalLink": "https://www.sec.gov/Archives/edgar/data/1639920/000119312520201723/d946025dex991.htm"
  },
  {
    "date": "2020-06-30",
    "symbol": "SPOT",
    "reportedCurrency": "EUR",
    "cik": "0001639920",
    "fillingDate": "2020-04-29",
    "acceptedDate": "2020-04-29 06:11:03",
    "calendarYear": "2020",
    "period": "Q2",
    "revenue": 1889000000,
    "costOfRevenue": 1410000000,
    "grossProfit": 479000000,
    "grossProfitRatio": 0.2535733192,
    "researchAndDevelopmentExpenses": 267000000,
    "generalAndAdministrativeExpenses": 131000000,
    "sellingAndMarketingExpenses": 248000000,
    "sellingGeneralAndAdministrativeExpenses": 379000000,
    "otherExpenses": 0,
    "operatingExpenses": 646000000,
    "costAndExpenses": 2056000000,
    "interestIncome": 4000000,
    "interestExpense": 10000000,
    "depreciationAndAmortization": 28000000,
    "ebitda": -417000000,
    "ebitdaratio": -0.2207517205,
    "operatingIncome": -167000000,
    "operatingIncomeRatio": -0.0884065643,
    "totalOtherIncomeExpensesNet": -288000000,
    "incomeBeforeTax": -455000000,
    "incomeBeforeTaxRatio": -0.2408681842,
    "incomeTaxExpense": -99000000,
    "netIncome": -356000000,
    "netIncomeRatio": -0.1884595024,
    "eps": -1.91,
    "epsdiluted": -1.91,
    "weightedAverageShsOut": 186387532,
    "weightedAverageShsOutDil": 186552877,
    "link": "https://www.sec.gov/Archives/edgar/data/1639920/000119312520124185/0001193125-20-124185-index.htm",
    "finalLink": "https://www.sec.gov/Archives/edgar/data/1639920/000119312520124185/d844307dex991.htm"
  },
  {
    "date": "2020-03-31",
    "symbol": "SPOT",
    "reportedCurrency": "EUR",
    "cik": "0001639920",
    "fillingDate": "2020-02-05",
    "acceptedDate": "2020-02-05 06:13:09",
    "calendarYear": "2020",
    "period": "Q1",
    "revenue": 1848000000,
    "costOfRevenue": 1376000000,
    "grossProfit": 472000000,
    "grossProfitRatio": 0.2554112554,
    "researchAndDevelopmentExpenses": 162000000,
    "generalAndAdministrativeExpenses": 96000000,
    "sellingAndMarketingExpenses": 231000000,
    "sellingGeneralAndAdministrativeExpenses": 327000000,
    "otherExpenses": 0,
    "operatingExpenses": 489000000,
    "costAndExpenses": 1865000000,
    "interestIncome": 7000000,
    "interestExpense": 11000000,
    "depreciationAndAmortization": 26000000,
    "ebitda": 8000000,
    "ebitdaratio": 0.0043290043,
    "operatingIncome": -17000000,
    "operatingIncomeRatio": -0.0091991342,
    "totalOtherIncomeExpensesNet": 58000000,
    "incomeBeforeTax": 41000000,
    "incomeBeforeTaxRatio": 0.0221861472,
    "incomeTaxExpense": 40000000,
    "netIncome": 1000000,
    "netIncomeRatio": 0.0005411255,
    "eps": 0.0054,
    "epsdiluted": -0.2,
    "weightedAverageShsOut": 185046324,
    "weightedAverageShsOutDil": 185632113,
    "link": "https://www.sec.gov/Archives/edgar/data/1639920/000119312520024715/0001193125-20-024715-index.htm",
    "finalLink": "https://www.sec.gov/Archives/edgar/data/1639920/000119312520024715/d883283dex991.htm"
  }
]