[
  {
    "date": "2024-12-31",
    "symbol": "SPOT",
    "reportedCurrency": "EUR",
    "cik": "0001639920",
    "fillingDate": "2025-02-05",
    "acceptedDate": "2025-02-05 16:55:57",
    "calendarYear": "2024",
    "period": "FY",
    "revenue": 15673000000,
    "costOfRevenue": 10949000000,
    "grossProfit": 4724000000,
    "grossProfitRatio": 0.3014100683,
    "researchAndDevelopmentExpenses": 1486000000,
    "generalAndAdministrativeExpenses": 481000000,
    "sellingAndMarketingExpenses": 1392000000,
    "sellingGeneralAndAdministrativeExpenses": 1873000000,
    "otherExpenses": 0,
    "operatingExpenses": 3359000000,
    "costAndExpenses": 14308000000,
    "interestIncome": 223000000,
    "interestExpense": 36000000,
    "depreciationAndAmortization": 121000000,
    "ebitda": 1498000000,
    "ebitdaratio": 0.0955783832,
    "operatingIncome": 1365000000,
    "operatingIncomeRatio": 0.087092452,
    "totalOtherIncomeExpensesNet": -24000000,
    "incomeBeforeTax": 1341000000,
    "incomeBeforeTaxRatio": 0.0855611561,
    "incomeTaxExpense": 203000000,
    "netIncome": 1138000000,
    "netIncomeRatio": 0.0726089453,
    "eps": 5.5,
    "epsdiluted": 5.49,
    "weightedAverageShsOut": 206896694,
    "weightedAverageShsOutDil": 207399501,
    "link": "https://www.sec.gov/Archives/edgar/data/1639920/000163992025000003/0001639920-25-000003-index.htm",
    "finalLink": "https://www.sec.gov/Archives/edgar/data/1639920/000163992025000003/ck0001639920-20241231.htm"
  },
  {
    "date": "2023-12-31",
    "symbol": "SPOT",
    "reportedCurrency": "EUR",
    "cik": "0001639920",
    "fillingDate": "2024-02-08",
    "acceptedDate": "2024-02-08 17:06:46",
    "calendarYear": "2023",
    "period": "FY",
    "revenue": 13247000000,
    "costOfRevenue": 9850000000,
    "grossProfit": 3397000000,
    "grossProfitRatio": 0.2564354193,
    "researchAndDevelopmentExpenses": 1725000000,
    "generalAndAdministrativeExpenses": 585000000,
    "sellingAndMarketingExpenses": 1533000000,
    "sellingGeneralAndAdministrativeExpenses": 2118000000,
    "otherExpenses": 0,
    "operatingExpenses": 3843000000,
    "costAndExpenses": 13693000000,
    "interestIncome": 131000000,
    "interestExpense": 38000000,
    "depreciationAndAmortization": 158000000,
    "ebitda": -298000000,
    "ebitdaratio": -0.0224956594,
    "operatingIncome": -446000000,
    "operatingIncomeRatio": -0.0336680003,
    "totalOtherIncomeExpensesNet": -59000000,
    "incomeBeforeTax": -505000000,
    "incomeBeforeTaxRatio": -0.0381218389,
    "incomeTaxExpense": 27000000,
    "netIncome": -532000000,
    "netIncomeRatio": -0.0401600362,
    "eps": -2.73,
    "epsdiluted": -2.73,
    "weightedAverageShsOut": 194732304,
    "weightedAverageShsOutDil": 194732304,
    "link": "https://www.sec.gov/Archives/edgar/data/1639920/000163992024000004/0001639920-24-000004-index.htm",
    "finalLink": "https://www.sec.gov/Archives/edgar/data/1639920/000163992024000004/ck0001639920-20231231.htm"
  },
  {
    "date": "2022-12-31",
    "symbol": "SPOT",
    "reportedCurrency": "EUR",
    "cik": "0001639920",
    "fillingDate": "2023-02-02",
    "acceptedDate": "2023-02-02 16:43:51",
    "calendarYear": "2022",
    "period": "FY",
    "revenue": 11727000000,
    "costOfRevenue": 8801000000,
    "grossProfit": 2926000000,
    "grossProfitRatio": 0.2495096785,
    "researchAndDevelopmentExpenses": 1387000000,
    "generalAndAdministrativeExpenses": 626000000,
    "sellingAndMarketingExpenses": 1572000000,
    "sellingGeneralAndAdministrativeExpenses": 2198000000,
    "otherExpenses": 144000000,
    "operatingExpenses": 3585000000,
    "costAndExpenses": 12386000000,
    "interestIncome": 47000000,
    "interestExpense": 58000000,
    "depreciationAndAmortization": 167920213,
    "ebitda": -284000000,
    "ebitdaratio": -0.0242176175,
    "operatingIncome": -659000000,
    "operatingIncomeRatio": -0.0561951053,
    "totalOtherIncomeExpensesNet": 289000000,
    "incomeBeforeTax": -370000000,
    "incomeBeforeTaxRatio": -0.0315511213,
    "incomeTaxExpense": 60000000,
    "netIncome": -430000000,
    "netIncomeRatio": -0.0366675194,
    "eps": -2.23,
    "epsdiluted": -2.2,
    "weightedAverageShsOut": 192934862,
    "weightedAverageShsOutDil": 195846362,
    "link": "https://www.sec.gov/Archives/edgar/data/1639920/000163992023000004/0001639920-23-000004-index.htm",
    "finalLink": "https://www.sec.gov/Archives/edgar/data/1639920/000163992023000004/ck0001639920-20221231.htm"
  },
  {
    "date": "2021-12-31",
    "symbol": "SPOT",
    "reportedCurrency": "EUR",
    "cik": "0001639920",
    "fillingDate": "2022-02-03",
    "acceptedDate": "2022-02-03 16:08:05",
    "calendarYear": "2021",
    "period": "FY",
    "revenue": 9668000000,
    "costOfRevenue": 7077000000,
    "grossProfit": 2591000000,
    "grossProfitRatio": 0.2679975176,
    "researchAndDevelopmentExpenses": 912000000,
    "generalAndAdministrativeExpenses": 450000000,
    "sellingAndMarketingExpenses": 1135000000,
    "sellingGeneralAndAdministrativeExpenses": 1585000000,
    "otherExpenses": 112000000,
    "operatingExpenses": 2497000000,
    "costAndExpenses": 9574000000,
    "interestIncome": 246000000,
    "interestExpense": 91000000,
    "depreciationAndAmortization": 132066069,
    "ebitda": 467000000,
    "ebitdaratio": 0.0483036823,
    "operatingIncome": 340000000,
    "operatingIncomeRatio": 0.0351675631,
    "totalOtherIncomeExpensesNet": 155000000,
    "incomeBeforeTax": 249000000,
    "incomeBeforeTaxRatio": 0.0257550683,
    "incomeTaxExpense": 283000000,
    "netIncome": -34000000,
    "netIncomeRatio": -0.0035167563,
    "eps": -0.18,
    "epsdiluted": -0.18,
    "weightedAverageShsOut": 191298397,
    "weightedAverageShsOutDil": 193943455,
    "link": "https://www.sec.gov/Archives/edgar/data/1639920/000163992022000004/0001639920-22-000004-index.htm",
    "finalLink": "https://www.sec.gov/Archives/edgar/data/1639920/000163992022000004/ck0001639920-20211231.htm"
  },
  {
    "date": "2020-12-31",
    "symbol": "SPOT",
    "reportedCurrency": "EUR",
    "cik": "0001639920",
    "fillingDate": "2021-02-05",
    "acceptedDate": "2021-02-05 16:29:00",
    "calendarYear": "2020",
    "period": "FY",
    "revenue": 7880000000,
    "costOfRevenue": 5865000000,
    "grossProfit": 2015000000,
    "grossProfitRatio": 0.2557106599,
    "researchAndDevelopmentExpenses": 837000000,
    "generalAndAdministrativeExpenses": 442000000,
    "sellingAndMarketingExpenses": 1029000000,
    "sellingGeneralAndAdministrativeExpenses": 1471000000,
    "otherExpenses": 0,
    "operatingExpenses": 2308000000,
    "costAndExpenses": 8173000000,
    "interestIncome": 94000000,
    "interestExpense": 510000000,
    "depreciationAndAmortization": 103418062,
    "ebitda": -293000000,
    "ebitdaratio": -0.0371827411,
    "operatingIncome": -293000000,
    "operatingIncomeRatio": -0.0371827411,
    "totalOtherIncomeExpensesNet": -416000000,
    "incomeBeforeTax": -709000000,
    "incomeBeforeTaxRatio": -0.0899746193,
    "incomeTaxExpense": -128000000,
    "netIncome": -581000000,
    "netIncomeRatio": -0.0737309645,
    "eps": -3.1,
    "epsdiluted": -3.1,
    "weightedAverageShsOut": 187583307,
    "weightedAverageShsOutDil": 187583307,
    "link": "https://www.sec.gov/Archives/edgar/data/1639920/000163992021000006/0001639920-21-000006-index.htm",
    "finalLink": "https://www.sec.gov/Archives/edgar/data/1639920/000163992021000006/ck0001639920-20201231.htm"
  },
  {
    "date": "2019-12-31",
    "symbol": "SPOT",
    "reportedCurrency": "EUR",
    "cik": "0001639920",
    "fillingDate": "2020-02-12",
    "acceptedDate": "2020-02-12 16:17:22",
    "calendarYear": "2019",
    "period": "FY",
    "revenue": 6764000000,
    "costOfRevenue": 5042000000,
    "grossProfit": 1722000000,
    "grossProfitRatio": 0.2545830869,
    "researchAndDevelopmentExpenses": 615000000,
    "generalAndAdministrativeExpenses": 354000000,
    "sellingAndMarketingExpenses": 826000000,
    "sellingGeneralAndAdministrativeExpenses": 1180000000,
    "otherExpenses": 0,
    "operatingExpenses": 1795000000,
    "costAndExpenses": 6837000000,
    "interestIncome": 275000000,
    "interestExpense": 333000000,
    "depreciationAndAmortization": 86748039,
    "ebitda": -1000000,
    "ebitdaratio": -0.0001478415,
    "operatingIncome": 202000000,
    "operatingIncomeRatio": 0.0298639858,
    "totalOtherIncomeExpensesNet": -58000000,
    "incomeBeforeTax": -131000000,
    "incomeBeforeTaxRatio": -0.0193672383,
    "incomeTaxExpense": 55000000,
    "netIncome": -186000000,
    "netIncomeRatio": -0.0274985216,
    "eps": -1.03,
    "epsdiluted": -1.03,
    "weightedAverageShsOut": 180960579,
    "weightedAverageShsOutDil": 180960579,
    "link": "https://www.sec.gov/Archives/edgar/data/1639920/000156459020004357/0001564590-20-004357-index.htm",
    "finalLink": "https://www.sec.gov/Archives/edgar/data/1639920/000156459020004357/ck0001639920-20f_20191231.htm"
  },
  {
    "date": "2018-12-31",
    "symbol": "SPOT",
    "reportedCurrency": "EUR",
    "cik": "0001639920",
    "fillingDate": "2019-02-12",
    "acceptedDate": "2019-02-12 16:17:08",
    "calendarYear": "2018",
    "period": "FY",
    "revenue": 5259000000,
    "costOfRevenue": 3906000000,
    "grossProfit": 1353000000,
    "grossProfitRatio": 0.2572732459,
    "researchAndDevelopmentExpenses": 493000000,
    "generalAndAdministrativeExpenses": 283000000,
    "sellingAndMarketingExpenses": 620000000,
    "sellingGeneralAndAdministrativeExpenses": 903000000,
    "otherExpenses": -201000000,
    "operatingExpenses": 1396000000,
    "costAndExpenses": 5302000000,
    "interestIncome": 455000000,
    "interestExpense": 584000000,
    "depreciationAndAmortization": 33024536,
    "ebitda": -43000000,
    "ebitdaratio": -0.0081764594,
    "operatingIncome": -43000000,
    "operatingIncomeRatio": -0.0081764594,
    "totalOtherIncomeExpensesNet": -130000000,
    "incomeBeforeTax": -173000000,
    "incomeBeforeTaxRatio": -0.0328959878,
    "incomeTaxExpense": -95000000,
    "netIncome": -78000000,
    "netIncomeRatio": -0.0148317171,
    "eps": -0.44,
    "epsdiluted": -0.43,
    "weightedAverageShsOut": 177154405,
    "weightedAverageShsOutDil": 181210292,
    "link": "https://www.sec.gov/Archives/edgar/data/1639920/000156459019002688/0001564590-19-002688-index.htm",
    "finalLink": "https://www.sec.gov/Archives/edgar/data/1639920/000156459019002688/ck0001639920-20f_20181231.htm"
  },
  {
    "date": "2017-12-31",
    "symbol": "SPOT",
    "reportedCurrency": "EUR",
    "cik": "0001639920",
    "fillingDate": "2017-12-31",
    "acceptedDate": "2017-12-30 19:00:00",
    "calendarYear": "2017",
    "period": "FY",
    "revenue": 4090000000,
    "costOfRevenue": 3241000000,
    "grossProfit": 849000000,
    "grossProfitRatio": 0.2075794621,
    "researchAndDevelopmentExpenses": 396000000,
    "generalAndAdministrativeExpenses": 264000000,
    "sellingAndMarketingExpenses": 567000000,
    "sellingGeneralAndAdministrativeExpenses": 831000000,
    "otherExpenses": -524000000,
    "operatingExpenses": 1227000000,
    "costAndExpenses": 4468000000,
    "interestIncome": 19000000,
    "interestExpense": 4000000,
    "depreciationAndAmortization": 50723230,
    "ebitda": -826000000,
    "ebitdaratio": -0.2019559902,
    "operatingIncome": -378000000,
    "operatingIncomeRatio": -0.0924205379,
    "totalOtherIncomeExpensesNet": -855000000,
    "incomeBeforeTax": -1233000000,
    "incomeBeforeTaxRatio": -0.3014669927,
    "incomeTaxExpense": 2000000,
    "netIncome": -1235000000,
    "netIncomeRatio": -0.3019559902,
    "eps": -6.93,
    "epsdiluted": -6.93,
    "weightedAverageShsOut": 178112840,
    "weightedAverageShsOutDil": 178112840,
    "link": "",
    "finalLink": ""
  },
  {
    "date": "2016-12-31",
    "symbol": "SPOT",
    "reportedCurrency": "EUR",
    "cik": "0001639920",
    "fillingDate": "2016-12-31",
    "acceptedDate": "2016-12-30 19:00:00",
    "calendarYear": "2016",
    "period": "FY",
    "revenue": 2952000000,
    "costOfRevenue": 2551000000,
    "grossProfit": 401000000,
    "grossProfitRatio": 0.1358401084,
    "researchAndDevelopmentExpenses": 207000000,
    "generalAndAdministrativeExpenses": 175000000,
    "sellingAndMarketingExpenses": 368000000,
    "sellingGeneralAndAdministrativeExpenses": 543000000,
    "otherExpenses": -245000000,
    "operatingExpenses": 750000000,
    "costAndExpenses": 3301000000,
    "interestIncome": 5000000,
    "interestExpense": 5000000,
    "depreciationAndAmortization": 39853516,
    "ebitda": -492000000,
    "ebitdaratio": -0.1666666667,
    "operatingIncome": -349000000,
    "operatingIncomeRatio": -0.1182249322,
    "totalOtherIncomeExpensesNet": -186000000,
    "incomeBeforeTax": -535000000,
    "incomeBeforeTaxRatio": -0.1812330623,
    "incomeTaxExpense": 4000000,
    "netIncome": -539000000,
    "netIncomeRatio": -0.1825880759,
    "eps": -3.21,
    "epsdiluted": -3.21,
    "weightedAverageShsOut": 167778952,
    "weightedAverageShsOutDil": 167778952,
    "link": "",
    "finalLink": ""
  },
  {
    "date": "2015-12-31",
    "symbol": "SPOT",
    "reportedCurrency": "EUR",
    "cik": "0001639920",
    "fillingDate": "2015-12-31",
    "acceptedDate": "2015-12-30 19:00:00",
    "calendarYear": "2015",
    "period": "FY",
    "revenue": 1940000000,
    "costOfRevenue": 1714000000,
    "grossProfit": 226000000,
    "grossProfitRatio": 0.1164948454,
    "researchAndDevelopmentExpenses": 136000000,
    "generalAndAdministrativeExpenses": 106000000,
    "sellingAndMarketingExpenses": 219000000,
    "sellingGeneralAndAdministrativeExpenses": 325000000,
    "otherExpenses": 0,
    "operatingExpenses": 461000000,
    "costAndExpenses": 2175000000,
    "interestIncome": 2000000,
    "interestExpense": 1000000,
    "depreciationAndAmortization": 30000000,
    "ebitda": -203000000,
    "ebitdaratio": -0.1046391753,
    "operatingIncome": -235000000,
    "operatingIncomeRatio": -0.1211340206,
    "totalOtherIncomeExpensesNet": 10000000,
    "incomeBeforeTax": -225000000,
    "incomeBeforeTaxRatio": -0.1159793814,
    "incomeTaxExpense": 5000000,
    "netIncome": -230000000,
    "netIncomeRatio": -0.118556701,
    "eps": -1.37,
    "epsdiluted": -1.37,
    "weightedAverageShsOut": 167778952,
    "weightedAverageShsOutDil": 167778952,
    "link": "",
    "finalLink": ""
  }
]