[
  {
    "date": "2025-01-31",
    "symbol": "WMT",
    "reportedCurrency": "USD",
    "cik": "0000104169",
    "fillingDate": "2025-03-14",
    "acceptedDate": "2025-03-14 16:40:52",
    "calendarYear": "2025",
    "period": "FY",
    "revenue": 680985000000,
    "costOfRevenue": 511753000000,
    "grossProfit": 169232000000,
    "grossProfitRatio": 0.2485106133,
    "researchAndDevelopmentExpenses": 0,
    "generalAndAdministrativeExpenses": 0,
    "sellingAndMarketingExpenses": 0,
    "sellingGeneralAndAdministrativeExpenses": 139884000000,
    "otherExpenses": 0,
    "operatingExpenses": 139884000000,
    "costAndExpenses": 651637000000,
    "interestIncome": 483000000,
    "interestExpense": 2728000000,
    "depreciationAndAmortization": 311000000,
    "ebitda": 29348000000,
    "ebitdaratio": 0.0430963971,
    "operatingIncome": 29348000000,
    "operatingIncomeRatio": 0.0430963971,
    "totalOtherIncomeExpensesNet": -3039000000,
    "incomeBeforeTax": 26309000000,
    "incomeBeforeTaxRatio": 0.0386337438,
    "incomeTaxExpense": 6152000000,
    "netIncome": 19436000000,
    "netIncomeRatio": 0.0285410104,
    "eps": 2.42,
    "epsdiluted": 2.41,
    "weightedAverageShsOut": 8041000000,
    "weightedAverageShsOutDil": 8081000000,
    "link": "https://www.sec.gov/Archives/edgar/data/104169/000010416925000021/0000104169-25-000021-index.htm",
    "finalLink": "https://www.sec.gov/Archives/edgar/data/104169/000010416925000021/wmt-20250131.htm"
  },
  {
    "date": "2024-01-31",
    "symbol": "WMT",
    "reportedCurrency": "USD",
    "cik": "0000104169",
    "fillingDate": "2024-03-15",
    "acceptedDate": "2024-03-15 16:54:48",
    "calendarYear": "2024",
    "period": "FY",
    "revenue": 648125000000,
    "costOfRevenue": 490142000000,
    "grossProfit": 157983000000,
    "grossProfitRatio": 0.2437539055,
    "researchAndDevelopmentExpenses": 0,
    "generalAndAdministrativeExpenses": 126571000000,
    "sellingAndMarketingExpenses": 4400000000,
    "sellingGeneralAndAdministrativeExpenses": 130971000000,
    "otherExpenses": 0,
    "operatingExpenses": 130971000000,
    "costAndExpenses": 621113000000,
    "interestIncome": 546000000,
    "interestExpense": 2683000000,
    "depreciationAndAmortization": 11853000000,
    "ebitda": 38865000000,
    "ebitdaratio": 0.0599652845,
    "operatingIncome": 27012000000,
    "operatingIncomeRatio": 0.0416771456,
    "totalOtherIncomeExpensesNet": -5164000000,
    "incomeBeforeTax": 21848000000,
    "incomeBeforeTaxRatio": 0.0337095468,
    "incomeTaxExpense": 5578000000,
    "netIncome": 15511000000,
    "netIncomeRatio": 0.0239321119,
    "eps": 1.92,
    "epsdiluted": 1.91,
    "weightedAverageShsOut": 8077008319,
    "weightedAverageShsOutDil": 8109000000,
    "link": "https://www.sec.gov/Archives/edgar/data/104169/000010416924000056/0000104169-24-000056-index.htm",
    "finalLink": "https://www.sec.gov/Archives/edgar/data/104169/000010416924000056/wmt-20240131.htm"
  },
  {
    "date": "2023-01-31",
    "symbol": "WMT",
    "reportedCurrency": "USD",
    "cik": "0000104169",
    "fillingDate": "2023-03-17",
    "acceptedDate": "2023-03-17 17:02:59",
    "calendarYear": "2023",
    "period": "FY",
    "revenue": 611289000000,
    "costOfRevenue": 463721000000,
    "grossProfit": 147568000000,
    "grossProfitRatio": 0.2414046384,
    "researchAndDevelopmentExpenses": 0,
    "generalAndAdministrativeExpenses": 123040000000,
    "sellingAndMarketingExpenses": 4100000000,
    "sellingGeneralAndAdministrativeExpenses": 127140000000,
    "otherExpenses": -1538000000,
    "operatingExpenses": 127140000000,
    "costAndExpenses": 590861000000,
    "interestIncome": 254000000,
    "interestExpense": 2128000000,
    "depreciationAndAmortization": 10945000000,
    "ebitda": 30089000000,
    "ebitdaratio": 0.0492222173,
    "operatingIncome": 20428000000,
    "operatingIncomeRatio": 0.0334179087,
    "totalOtherIncomeExpensesNet": -3412000000,
    "incomeBeforeTax": 17016000000,
    "incomeBeforeTaxRatio": 0.0278362608,
    "incomeTaxExpense": 5724000000,
    "netIncome": 11680000000,
    "netIncomeRatio": 0.0191071654,
    "eps": 1.43,
    "epsdiluted": 1.42,
    "weightedAverageShsOut": 8171999836,
    "weightedAverageShsOutDil": 8201999835,
    "link": "https://www.sec.gov/Archives/edgar/data/104169/000010416923000020/0000104169-23-000020-index.htm",
    "finalLink": "https://www.sec.gov/Archives/edgar/data/104169/000010416923000020/wmt-20230131.htm"
  },
  {
    "date": "2022-01-31",
    "symbol": "WMT",
    "reportedCurrency": "USD",
    "cik": "0000104169",
    "fillingDate": "2022-03-18",
    "acceptedDate": "2022-03-18 17:03:00",
    "calendarYear": "2022",
    "period": "FY",
    "revenue": 572754000000,
    "costOfRevenue": 429000000000,
    "grossProfit": 143754000000,
    "grossProfitRatio": 0.2509873349,
    "researchAndDevelopmentExpenses": 0,
    "generalAndAdministrativeExpenses": 113912000000,
    "sellingAndMarketingExpenses": 3900000000,
    "sellingGeneralAndAdministrativeExpenses": 117812000000,
    "otherExpenses": -3000000000,
    "operatingExpenses": 117812000000,
    "costAndExpenses": 546812000000,
    "interestIncome": 158000000,
    "interestExpense": 1994000000,
    "depreciationAndAmortization": 10658000000,
    "ebitda": 36600000000,
    "ebitdaratio": 0.0639017798,
    "operatingIncome": 25942000000,
    "operatingIncomeRatio": 0.0452934419,
    "totalOtherIncomeExpensesNet": -7246000000,
    "incomeBeforeTax": 18696000000,
    "incomeBeforeTaxRatio": 0.0326422862,
    "incomeTaxExpense": 4756000000,
    "netIncome": 13673000000,
    "netIncomeRatio": 0.023872378,
    "eps": 1.63,
    "epsdiluted": 1.62,
    "weightedAverageShsOut": 8375999832,
    "weightedAverageShsOutDil": 8414999831,
    "link": "https://www.sec.gov/Archives/edgar/data/104169/000010416922000012/0000104169-22-000012-index.htm",
    "finalLink": "https://www.sec.gov/Archives/edgar/data/104169/000010416922000012/wmt-20220131.htm"
  },
  {
    "date": "2021-01-31",
    "symbol": "WMT",
    "reportedCurrency": "USD",
    "cik": "0000104169",
    "fillingDate": "2021-03-19",
    "acceptedDate": "2021-03-19 16:40:44",
    "calendarYear": "2021",
    "period": "FY",
    "revenue": 559151000000,
    "costOfRevenue": 420315000000,
    "grossProfit": 138836000000,
    "grossProfitRatio": 0.2482978659,
    "researchAndDevelopmentExpenses": 0,
    "generalAndAdministrativeExpenses": 113088000000,
    "sellingAndMarketingExpenses": 3200000000,
    "sellingGeneralAndAdministrativeExpenses": 116288000000,
    "otherExpenses": 210000000,
    "operatingExpenses": 116288000000,
    "costAndExpenses": 536603000000,
    "interestIncome": 121000000,
    "interestExpense": 2315000000,
    "depreciationAndAmortization": 11152000000,
    "ebitda": 34031000000,
    "ebitdaratio": 0.0608619139,
    "operatingIncome": 22548000000,
    "operatingIncomeRatio": 0.0403254219,
    "totalOtherIncomeExpensesNet": -1984000000,
    "incomeBeforeTax": 20564000000,
    "incomeBeforeTaxRatio": 0.0367771854,
    "incomeTaxExpense": 6858000000,
    "netIncome": 13510000000,
    "netIncomeRatio": 0.0241616308,
    "eps": 1.59,
    "epsdiluted": 1.58,
    "weightedAverageShsOut": 8492999830,
    "weightedAverageShsOutDil": 8540999829,
    "link": "https://www.sec.gov/Archives/edgar/data/104169/000010416921000033/0000104169-21-000033-index.htm",
    "finalLink": "https://www.sec.gov/Archives/edgar/data/104169/000010416921000033/wmt-20210131.htm"
  },
  {
    "date": "2020-01-31",
    "symbol": "WMT",
    "reportedCurrency": "USD",
    "cik": "0000104169",
    "fillingDate": "2020-03-20",
    "acceptedDate": "2020-03-20 16:51:02",
    "calendarYear": "2020",
    "period": "FY",
    "revenue": 523964000000,
    "costOfRevenue": 394605000000,
    "grossProfit": 129359000000,
    "grossProfitRatio": 0.2468852822,
    "researchAndDevelopmentExpenses": 0,
    "generalAndAdministrativeExpenses": 105091000000,
    "sellingAndMarketingExpenses": 3700000000,
    "sellingGeneralAndAdministrativeExpenses": 108791000000,
    "otherExpenses": 1958000000,
    "operatingExpenses": 108791000000,
    "costAndExpenses": 503396000000,
    "interestIncome": 189000000,
    "interestExpense": 2599000000,
    "depreciationAndAmortization": 10987000000,
    "ebitda": 33702000000,
    "ebitdaratio": 0.0643212129,
    "operatingIncome": 20568000000,
    "operatingIncomeRatio": 0.0392546053,
    "totalOtherIncomeExpensesNet": -452000000,
    "incomeBeforeTax": 20116000000,
    "incomeBeforeTaxRatio": 0.0383919506,
    "incomeTaxExpense": 4915000000,
    "netIncome": 14881000000,
    "netIncomeRatio": 0.0284008062,
    "eps": 1.74,
    "epsdiluted": 1.73,
    "weightedAverageShsOut": 8549999829,
    "weightedAverageShsOutDil": 8603999827,
    "link": "https://www.sec.gov/Archives/edgar/data/104169/000010416920000011/0000104169-20-000011-index.htm",
    "finalLink": "https://www.sec.gov/Archives/edgar/data/104169/000010416920000011/wmtform10-kx1312020.htm"
  },
  {
    "date": "2019-01-31",
    "symbol": "WMT",
    "reportedCurrency": "USD",
    "cik": "0000104169",
    "fillingDate": "2019-03-28",
    "acceptedDate": "2019-03-28 16:56:37",
    "calendarYear": "2019",
    "period": "FY",
    "revenue": 514405000000,
    "costOfRevenue": 385301000000,
    "grossProfit": 129104000000,
    "grossProfitRatio": 0.2509773428,
    "researchAndDevelopmentExpenses": 0,
    "generalAndAdministrativeExpenses": 103647000000,
    "sellingAndMarketingExpenses": 3500000000,
    "sellingGeneralAndAdministrativeExpenses": 107147000000,
    "otherExpenses": -8368000000,
    "operatingExpenses": 107147000000,
    "costAndExpenses": 492448000000,
    "interestIncome": 217000000,
    "interestExpense": 2346000000,
    "depreciationAndAmortization": 10678000000,
    "ebitda": 32635000000,
    "ebitdaratio": 0.0634422294,
    "operatingIncome": 21957000000,
    "operatingIncomeRatio": 0.0426842663,
    "totalOtherIncomeExpensesNet": -10497000000,
    "incomeBeforeTax": 11460000000,
    "incomeBeforeTaxRatio": 0.022278166,
    "incomeTaxExpense": 4281000000,
    "netIncome": 6670000000,
    "netIncomeRatio": 0.012966437,
    "eps": 0.76,
    "epsdiluted": 0.75,
    "weightedAverageShsOut": 8786999824,
    "weightedAverageShsOutDil": 8835000000,
    "link": "https://www.sec.gov/Archives/edgar/data/104169/000010416919000016/0000104169-19-000016-index.htm",
    "finalLink": "https://www.sec.gov/Archives/edgar/data/104169/000010416919000016/wmtform10-kx1312019.htm"
  },
  {
    "date": "2018-01-31",
    "symbol": "WMT",
    "reportedCurrency": "USD",
    "cik": "0000104169",
    "fillingDate": "2018-03-30",
    "acceptedDate": "2018-03-30 16:01:22",
    "calendarYear": "2018",
    "period": "FY",
    "revenue": 500343000000,
    "costOfRevenue": 373396000000,
    "grossProfit": 126947000000,
    "grossProfitRatio": 0.2537199481,
    "researchAndDevelopmentExpenses": 0,
    "generalAndAdministrativeExpenses": 103410000000,
    "sellingAndMarketingExpenses": 3100000000,
    "sellingGeneralAndAdministrativeExpenses": 106510000000,
    "otherExpenses": 0,
    "operatingExpenses": 106510000000,
    "costAndExpenses": 479906000000,
    "interestIncome": 152000000,
    "interestExpense": 2330000000,
    "depreciationAndAmortization": 10529000000,
    "ebitda": 31466000000,
    "ebitdaratio": 0.0628888582,
    "operatingIncome": 20437000000,
    "operatingIncomeRatio": 0.0408459797,
    "totalOtherIncomeExpensesNet": -5314000000,
    "incomeBeforeTax": 15123000000,
    "incomeBeforeTaxRatio": 0.0302252655,
    "incomeTaxExpense": 4600000000,
    "netIncome": 9862000000,
    "netIncomeRatio": 0.0197104786,
    "eps": 1.1,
    "epsdiluted": 1.09,
    "weightedAverageShsOut": 8985000000,
    "weightedAverageShsOutDil": 9030000000,
    "link": "https://www.sec.gov/Archives/edgar/data/104169/000010416918000028/0000104169-18-000028-index.htm",
    "finalLink": "https://www.sec.gov/Archives/edgar/data/104169/000010416918000028/wmtform10-kx1312018.htm"
  },
  {
    "date": "2017-01-31",
    "symbol": "WMT",
    "reportedCurrency": "USD",
    "cik": "0000104169",
    "fillingDate": "2017-03-31",
    "acceptedDate": "2017-03-31 16:54:02",
    "calendarYear": "2017",
    "period": "FY",
    "revenue": 485873000000,
    "costOfRevenue": 361256000000,
    "grossProfit": 124617000000,
    "grossProfitRatio": 0.256480603,
    "researchAndDevelopmentExpenses": 0,
    "generalAndAdministrativeExpenses": 98953000000,
    "sellingAndMarketingExpenses": 2900000000,
    "sellingGeneralAndAdministrativeExpenses": 101853000000,
    "otherExpenses": 0,
    "operatingExpenses": 101853000000,
    "costAndExpenses": 463109000000,
    "interestIncome": 100000000,
    "interestExpense": 2367000000,
    "depreciationAndAmortization": 10080000000,
    "ebitda": 32844000000,
    "ebitdaratio": 0.0675979114,
    "operatingIncome": 22764000000,
    "operatingIncomeRatio": 0.0468517493,
    "totalOtherIncomeExpensesNet": -2267000000,
    "incomeBeforeTax": 20497000000,
    "incomeBeforeTaxRatio": 0.042185921,
    "incomeTaxExpense": 6204000000,
    "netIncome": 13643000000,
    "netIncomeRatio": 0.0280793541,
    "eps": 1.47,
    "epsdiluted": 1.46,
    "weightedAverageShsOut": 9303000000,
    "weightedAverageShsOutDil": 9336000000,
    "link": "https://www.sec.gov/Archives/edgar/data/104169/000010416917000021/0000104169-17-000021-index.htm",
    "finalLink": "https://www.sec.gov/Archives/edgar/data/104169/000010416917000021/wmtform10-kx1312017.htm"
  },
  {
    "date": "2016-01-31",
    "symbol": "WMT",
    "reportedCurrency": "USD",
    "cik": "0000104169",
    "fillingDate": "2016-03-30",
    "acceptedDate": "2016-03-30 17:18:29",
    "calendarYear": "2016",
    "period": "FY",
    "revenue": 482130000000,
    "costOfRevenue": 360984000000,
    "grossProfit": 121146000000,
    "grossProfitRatio": 0.2512724784,
    "researchAndDevelopmentExpenses": 0,
    "generalAndAdministrativeExpenses": 94541000000,
    "sellingAndMarketingExpenses": 2500000000,
    "sellingGeneralAndAdministrativeExpenses": 97041000000,
    "otherExpenses": 0,
    "operatingExpenses": 97041000000,
    "costAndExpenses": 458025000000,
    "interestIncome": 81000000,
    "interestExpense": 2548000000,
    "depreciationAndAmortization": 9454000000,
    "ebitda": 33559000000,
    "ebitdaratio": 0.069605708,
    "operatingIncome": 24105000000,
    "operatingIncomeRatio": 0.0499968888,
    "totalOtherIncomeExpensesNet": -2467000000,
    "incomeBeforeTax": 21638000000,
    "incomeBeforeTaxRatio": 0.0448800116,
    "incomeTaxExpense": 6558000000,
    "netIncome": 14694000000,
    "netIncomeRatio": 0.0304772572,
    "eps": 1.53,
    "epsdiluted": 1.52,
    "weightedAverageShsOut": 9621000000,
    "weightedAverageShsOutDil": 9651000000,
    "link": "https://www.sec.gov/Archives/edgar/data/104169/000010416916000079/0000104169-16-000079-index.htm",
    "finalLink": "https://www.sec.gov/Archives/edgar/data/104169/000010416916000079/wmtform10-kx1312016.htm"
  }
]