[
  {
    "date": "2025-01-31",
    "symbol": "WMT",
    "reportedCurrency": "USD",
    "cik": "0000104169",
    "fillingDate": "2025-03-14",
    "acceptedDate": "2025-03-14 16:40:52",
    "calendarYear": "2025",
    "period": "Q4",
    "revenue": 180554000000,
    "costOfRevenue": 136172000000,
    "grossProfit": 44382000000,
    "grossProfitRatio": 0.2458101177,
    "researchAndDevelopmentExpenses": 0,
    "generalAndAdministrativeExpenses": 0,
    "sellingAndMarketingExpenses": 0,
    "sellingGeneralAndAdministrativeExpenses": 36523000000,
    "otherExpenses": 0,
    "operatingExpenses": 36523000000,
    "costAndExpenses": 172695000000,
    "interestIncome": 115000000,
    "interestExpense": 717000000,
    "depreciationAndAmortization": 3374000000,
    "ebitda": 11054000000,
    "ebitdaratio": 0.0612226813,
    "operatingIncome": 7859000000,
    "operatingIncomeRatio": 0.0435271442,
    "totalOtherIncomeExpensesNet": -896000000,
    "incomeBeforeTax": 6963000000,
    "incomeBeforeTaxRatio": 0.0385646399,
    "incomeTaxExpense": 1538000000,
    "netIncome": 5254000000,
    "netIncomeRatio": 0.0290993276,
    "eps": 0.65,
    "epsdiluted": 0.65,
    "weightedAverageShsOut": 8029000000,
    "weightedAverageShsOutDil": 8078000000,
    "link": "https://www.sec.gov/Archives/edgar/data/104169/000010416925000021/0000104169-25-000021-index.htm",
    "finalLink": "https://www.sec.gov/Archives/edgar/data/104169/000010416925000021/wmt-20250131.htm"
  },
  {
    "date": "2024-10-31",
    "symbol": "WMT",
    "reportedCurrency": "USD",
    "cik": "0000104169",
    "fillingDate": "2024-12-06",
    "acceptedDate": "2024-12-06 16:15:42",
    "calendarYear": "2025",
    "period": "Q3",
    "revenue": 169588000000,
    "costOfRevenue": 127340000000,
    "grossProfit": 42248000000,
    "grossProfitRatio": 0.2491214001,
    "researchAndDevelopmentExpenses": 0,
    "generalAndAdministrativeExpenses": 0,
    "sellingAndMarketingExpenses": 0,
    "sellingGeneralAndAdministrativeExpenses": 35540000000,
    "otherExpenses": 0,
    "operatingExpenses": 35540000000,
    "costAndExpenses": 162880000000,
    "interestIncome": 0,
    "interestExpense": 478000000,
    "depreciationAndAmortization": 0,
    "ebitda": 6708000000,
    "ebitdaratio": 0.0395546855,
    "operatingIncome": 6708000000,
    "operatingIncomeRatio": 0.0395546855,
    "totalOtherIncomeExpensesNet": -610000000,
    "incomeBeforeTax": 6098000000,
    "incomeBeforeTaxRatio": 0.0359577329,
    "incomeTaxExpense": 1384000000,
    "netIncome": 4577000000,
    "netIncomeRatio": 0.0269889379,
    "eps": 0.57,
    "epsdiluted": 0.57,
    "weightedAverageShsOut": 8038000000,
    "weightedAverageShsOutDil": 8082000000,
    "link": "https://www.sec.gov/Archives/edgar/data/104169/000010416924000178/0000104169-24-000178-index.htm",
    "finalLink": "https://www.sec.gov/Archives/edgar/data/104169/000010416924000178/wmt-20241031.htm"
  },
  {
    "date": "2024-07-31",
    "symbol": "WMT",
    "reportedCurrency": "USD",
    "cik": "0000104169",
    "fillingDate": "2024-08-30",
    "acceptedDate": "2024-08-30 16:50:41",
    "calendarYear": "2025",
    "period": "Q2",
    "revenue": 169335000000,
    "costOfRevenue": 126810000000,
    "grossProfit": 42525000000,
    "grossProfitRatio": 0.251129418,
    "researchAndDevelopmentExpenses": 0,
    "generalAndAdministrativeExpenses": 0,
    "sellingAndMarketingExpenses": 0,
    "sellingGeneralAndAdministrativeExpenses": 34585000000,
    "otherExpenses": 0,
    "operatingExpenses": 34585000000,
    "costAndExpenses": 161395000000,
    "interestIncome": 114000000,
    "interestExpense": 679000000,
    "depreciationAndAmortization": 3211000000,
    "ebitda": 11151000000,
    "ebitdaratio": 0.0658517141,
    "operatingIncome": 7940000000,
    "operatingIncomeRatio": 0.0468893023,
    "totalOtherIncomeExpensesNet": -1727000000,
    "incomeBeforeTax": 6213000000,
    "incomeBeforeTaxRatio": 0.0366905838,
    "incomeTaxExpense": 1502000000,
    "netIncome": 4501000000,
    "netIncomeRatio": 0.026580447,
    "eps": 0.56,
    "epsdiluted": 0.56,
    "weightedAverageShsOut": 8044000000,
    "weightedAverageShsOutDil": 8081000000,
    "link": "https://www.sec.gov/Archives/edgar/data/104169/000010416924000141/0000104169-24-000141-index.htm",
    "finalLink": "https://www.sec.gov/Archives/edgar/data/104169/000010416924000141/wmt-20240731.htm"
  },
  {
    "date": "2024-04-30",
    "symbol": "WMT",
    "reportedCurrency": "USD",
    "cik": "0000104169",
    "fillingDate": "2024-06-07",
    "acceptedDate": "2024-06-07 16:45:14",
    "calendarYear": "2025",
    "period": "Q1",
    "revenue": 161508000000,
    "costOfRevenue": 121431000000,
    "grossProfit": 40077000000,
    "grossProfitRatio": 0.2481425069,
    "researchAndDevelopmentExpenses": 0,
    "generalAndAdministrativeExpenses": 0,
    "sellingAndMarketingExpenses": 0,
    "sellingGeneralAndAdministrativeExpenses": 33236000000,
    "otherExpenses": 794000000,
    "operatingExpenses": 33236000000,
    "costAndExpenses": 154667000000,
    "interestIncome": 114000000,
    "interestExpense": 714000000,
    "depreciationAndAmortization": 3128000000,
    "ebitda": 9969000000,
    "ebitdaratio": 0.0617244966,
    "operatingIncome": 6841000000,
    "operatingIncomeRatio": 0.0423570349,
    "totalOtherIncomeExpensesNet": 194000000,
    "incomeBeforeTax": 7035000000,
    "incomeBeforeTaxRatio": 0.0435582138,
    "incomeTaxExpense": 1728000000,
    "netIncome": 5104000000,
    "netIncomeRatio": 0.0316021497,
    "eps": 0.63,
    "epsdiluted": 0.63,
    "weightedAverageShsOut": 8053000000,
    "weightedAverageShsOutDil": 8084000000,
    "link": "https://www.sec.gov/Archives/edgar/data/104169/000010416924000105/0000104169-24-000105-index.htm",
    "finalLink": "https://www.sec.gov/Archives/edgar/data/104169/000010416924000105/wmt-20240430.htm"
  },
  {
    "date": "2024-01-31",
    "symbol": "WMT",
    "reportedCurrency": "USD",
    "cik": "0000104169",
    "fillingDate": "2024-03-15",
    "acceptedDate": "2024-03-15 16:54:48",
    "calendarYear": "2024",
    "period": "Q4",
    "revenue": 173388000000,
    "costOfRevenue": 131825000000,
    "grossProfit": 41563000000,
    "grossProfitRatio": 0.2397109373,
    "researchAndDevelopmentExpenses": 0,
    "generalAndAdministrativeExpenses": 29909000000,
    "sellingAndMarketingExpenses": 4400000000,
    "sellingGeneralAndAdministrativeExpenses": 34309000000,
    "otherExpenses": 813000000,
    "operatingExpenses": 34309000000,
    "costAndExpenses": 166134000000,
    "interestIncome": 146000000,
    "interestExpense": 695000000,
    "depreciationAndAmortization": 3117000000,
    "ebitda": 10371000000,
    "ebitdaratio": 0.0598138279,
    "operatingIncome": 7254000000,
    "operatingIncomeRatio": 0.0418368053,
    "totalOtherIncomeExpensesNet": 264000000,
    "incomeBeforeTax": 7518000000,
    "incomeBeforeTaxRatio": 0.043359402,
    "incomeTaxExpense": 1840000000,
    "netIncome": 5494000000,
    "netIncomeRatio": 0.0316861605,
    "eps": 0.68,
    "epsdiluted": 0.68,
    "weightedAverageShsOut": 8069999838,
    "weightedAverageShsOutDil": 8102999837,
    "link": "https://www.sec.gov/Archives/edgar/data/104169/000010416924000056/0000104169-24-000056-index.htm",
    "finalLink": "https://www.sec.gov/Archives/edgar/data/104169/000010416924000056/wmt-20240131.htm"
  },
  {
    "date": "2023-10-31",
    "symbol": "WMT",
    "reportedCurrency": "USD",
    "cik": "0000104169",
    "fillingDate": "2023-11-30",
    "acceptedDate": "2023-11-30 17:21:40",
    "calendarYear": "2024",
    "period": "Q3",
    "revenue": 160804000000,
    "costOfRevenue": 121183000000,
    "grossProfit": 39621000000,
    "grossProfitRatio": 0.2463931245,
    "researchAndDevelopmentExpenses": 0,
    "generalAndAdministrativeExpenses": 0,
    "sellingAndMarketingExpenses": 0,
    "sellingGeneralAndAdministrativeExpenses": 33419000000,
    "otherExpenses": -4750000000,
    "operatingExpenses": 33419000000,
    "costAndExpenses": 154602000000,
    "interestIncome": 145000000,
    "interestExpense": 682000000,
    "depreciationAndAmortization": 2986000000,
    "ebitda": 4583000000,
    "ebitdaratio": 0.0285005348,
    "operatingIncome": 6202000000,
    "operatingIncomeRatio": 0.0385686923,
    "totalOtherIncomeExpensesNet": -5287000000,
    "incomeBeforeTax": 915000000,
    "incomeBeforeTaxRatio": 0.005690157,
    "incomeTaxExpense": 272000000,
    "netIncome": 453000000,
    "netIncomeRatio": 0.0028170941,
    "eps": 0.0561,
    "epsdiluted": 0.0559,
    "weightedAverageShsOut": 8078999838,
    "weightedAverageShsOutDil": 8108999837,
    "link": "https://www.sec.gov/Archives/edgar/data/104169/000010416923000132/0000104169-23-000132-index.htm",
    "finalLink": "https://www.sec.gov/Archives/edgar/data/104169/000010416923000132/wmt-20231031.htm"
  },
  {
    "date": "2023-07-31",
    "symbol": "WMT",
    "reportedCurrency": "USD",
    "cik": "0000104169",
    "fillingDate": "2023-09-01",
    "acceptedDate": "2023-09-01 16:46:53",
    "calendarYear": "2024",
    "period": "Q2",
    "revenue": 161632000000,
    "costOfRevenue": 121850000000,
    "grossProfit": 39782000000,
    "grossProfitRatio": 0.2461270046,
    "researchAndDevelopmentExpenses": 0,
    "generalAndAdministrativeExpenses": 0,
    "sellingAndMarketingExpenses": 0,
    "sellingGeneralAndAdministrativeExpenses": 32466000000,
    "otherExpenses": 3905000000,
    "operatingExpenses": 32466000000,
    "costAndExpenses": 154316000000,
    "interestIncome": 148000000,
    "interestExpense": 642000000,
    "depreciationAndAmortization": 2905000000,
    "ebitda": 14274000000,
    "ebitdaratio": 0.0883117205,
    "operatingIncome": 7316000000,
    "operatingIncomeRatio": 0.0452633142,
    "totalOtherIncomeExpensesNet": 3411000000,
    "incomeBeforeTax": 10727000000,
    "incomeBeforeTaxRatio": 0.0663668086,
    "incomeTaxExpense": 2674000000,
    "netIncome": 7891000000,
    "netIncomeRatio": 0.0488207781,
    "eps": 0.98,
    "epsdiluted": 0.97,
    "weightedAverageShsOut": 8078999838,
    "weightedAverageShsOutDil": 8108999837,
    "link": "https://www.sec.gov/Archives/edgar/data/104169/000010416923000097/0000104169-23-000097-index.htm",
    "finalLink": "https://www.sec.gov/Archives/edgar/data/104169/000010416923000097/wmt-20230731.htm"
  },
  {
    "date": "2023-04-30",
    "symbol": "WMT",
    "reportedCurrency": "USD",
    "cik": "0000104169",
    "fillingDate": "2023-06-02",
    "acceptedDate": "2023-06-02 16:25:13",
    "calendarYear": "2024",
    "period": "Q1",
    "revenue": 152301000000,
    "costOfRevenue": 115284000000,
    "grossProfit": 37017000000,
    "grossProfitRatio": 0.2430515886,
    "researchAndDevelopmentExpenses": 0,
    "generalAndAdministrativeExpenses": 0,
    "sellingAndMarketingExpenses": 0,
    "sellingGeneralAndAdministrativeExpenses": 30777000000,
    "otherExpenses": -2995000000,
    "operatingExpenses": 30777000000,
    "costAndExpenses": 146061000000,
    "interestIncome": 107000000,
    "interestExpense": 664000000,
    "depreciationAndAmortization": 2845000000,
    "ebitda": 6197000000,
    "ebitdaratio": 0.0406891616,
    "operatingIncome": 6240000000,
    "operatingIncomeRatio": 0.0409714972,
    "totalOtherIncomeExpensesNet": -3552000000,
    "incomeBeforeTax": 2688000000,
    "incomeBeforeTaxRatio": 0.0176492603,
    "incomeTaxExpense": 792000000,
    "netIncome": 1673000000,
    "netIncomeRatio": 0.0109848261,
    "eps": 0.21,
    "epsdiluted": 0.21,
    "weightedAverageShsOut": 8081999838,
    "weightedAverageShsOutDil": 8111999837,
    "link": "https://www.sec.gov/Archives/edgar/data/104169/000010416923000052/0000104169-23-000052-index.htm",
    "finalLink": "https://www.sec.gov/Archives/edgar/data/104169/000010416923000052/wmt-20230430.htm"
  },
  {
    "date": "2023-01-31",
    "symbol": "WMT",
    "reportedCurrency": "USD",
    "cik": "0000104169",
    "fillingDate": "2023-03-17",
    "acceptedDate": "2023-03-17 17:02:59",
    "calendarYear": "2023",
    "period": "Q4",
    "revenue": 164048000000,
    "costOfRevenue": 125423000000,
    "grossProfit": 38625000000,
    "grossProfitRatio": 0.2354493807,
    "researchAndDevelopmentExpenses": 0,
    "generalAndAdministrativeExpenses": 28964000000,
    "sellingAndMarketingExpenses": 4100000000,
    "sellingGeneralAndAdministrativeExpenses": 33064000000,
    "otherExpenses": 3848000000,
    "operatingExpenses": 33064000000,
    "costAndExpenses": 158487000000,
    "interestIncome": 103000000,
    "interestExpense": 610000000,
    "depreciationAndAmortization": 2811000000,
    "ebitda": 12323000000,
    "ebitdaratio": 0.0751182581,
    "operatingIncome": 5561000000,
    "operatingIncomeRatio": 0.033898615,
    "totalOtherIncomeExpensesNet": 3341000000,
    "incomeBeforeTax": 8902000000,
    "incomeBeforeTaxRatio": 0.0542646055,
    "incomeTaxExpense": 3093000000,
    "netIncome": 6275000000,
    "netIncomeRatio": 0.0382509997,
    "eps": 0.78,
    "epsdiluted": 0.77,
    "weightedAverageShsOut": 8087999838,
    "weightedAverageShsOutDil": 8120999837,
    "link": "https://www.sec.gov/Archives/edgar/data/104169/000010416923000020/0000104169-23-000020-index.htm",
    "finalLink": "https://www.sec.gov/Archives/edgar/data/104169/000010416923000020/wmt-20230131.htm"
  },
  {
    "date": "2022-10-31",
    "symbol": "WMT",
    "reportedCurrency": "USD",
    "cik": "0000104169",
    "fillingDate": "2022-12-01",
    "acceptedDate": "2022-12-01 17:02:02",
    "calendarYear": "2023",
    "period": "Q3",
    "revenue": 152813000000,
    "costOfRevenue": 115613000000,
    "grossProfit": 37200000000,
    "grossProfitRatio": 0.2434347863,
    "researchAndDevelopmentExpenses": 0,
    "generalAndAdministrativeExpenses": 0,
    "sellingAndMarketingExpenses": 0,
    "sellingGeneralAndAdministrativeExpenses": 34505000000,
    "otherExpenses": -3626000000,
    "operatingExpenses": 34505000000,
    "costAndExpenses": 150118000000,
    "interestIncome": 84000000,
    "interestExpense": 584000000,
    "depreciationAndAmortization": 2755000000,
    "ebitda": 1908000000,
    "ebitdaratio": 0.0124858487,
    "operatingIncome": 2695000000,
    "operatingIncomeRatio": 0.0176359341,
    "totalOtherIncomeExpensesNet": -4126000000,
    "incomeBeforeTax": -1431000000,
    "incomeBeforeTaxRatio": -0.0093643865,
    "incomeTaxExpense": 336000000,
    "netIncome": -1798000000,
    "netIncomeRatio": -0.0117660147,
    "eps": -0.22,
    "epsdiluted": -0.22,
    "weightedAverageShsOut": 8132999837,
    "weightedAverageShsOutDil": 8132999837,
    "link": "https://www.sec.gov/Archives/edgar/data/104169/000010416922000083/0000104169-22-000083-index.htm",
    "finalLink": "https://www.sec.gov/Archives/edgar/data/104169/000010416922000083/wmt-20221031.htm"
  },
  {
    "date": "2022-07-31",
    "symbol": "WMT",
    "reportedCurrency": "USD",
    "cik": "0000104169",
    "fillingDate": "2022-09-02",
    "acceptedDate": "2022-09-02 17:01:12",
    "calendarYear": "2023",
    "period": "Q2",
    "revenue": 152859000000,
    "costOfRevenue": 115838000000,
    "grossProfit": 37021000000,
    "grossProfitRatio": 0.2421905154,
    "researchAndDevelopmentExpenses": 0,
    "generalAndAdministrativeExpenses": 0,
    "sellingAndMarketingExpenses": 0,
    "sellingGeneralAndAdministrativeExpenses": 30167000000,
    "otherExpenses": 238000000,
    "operatingExpenses": 30167000000,
    "costAndExpenses": 146005000000,
    "interestIncome": 31000000,
    "interestExpense": 479000000,
    "depreciationAndAmortization": 2699000000,
    "ebitda": 9822000000,
    "ebitdaratio": 0.0642552941,
    "operatingIncome": 6854000000,
    "operatingIncomeRatio": 0.0448387076,
    "totalOtherIncomeExpensesNet": -210000000,
    "incomeBeforeTax": 6644000000,
    "incomeBeforeTaxRatio": 0.0434648925,
    "incomeTaxExpense": 1497000000,
    "netIncome": 5149000000,
    "netIncomeRatio": 0.0336846375,
    "eps": 0.63,
    "epsdiluted": 0.63,
    "weightedAverageShsOut": 8216052337,
    "weightedAverageShsOutDil": 8235000000,
    "link": "https://www.sec.gov/Archives/edgar/data/104169/000010416922000072/0000104169-22-000072-index.htm",
    "finalLink": "https://www.sec.gov/Archives/edgar/data/104169/000010416922000072/wmt-20220731.htm"
  },
  {
    "date": "2022-04-30",
    "symbol": "WMT",
    "reportedCurrency": "USD",
    "cik": "0000104169",
    "fillingDate": "2022-06-03",
    "acceptedDate": "2022-06-03 17:04:10",
    "calendarYear": "2023",
    "period": "Q1",
    "revenue": 141569000000,
    "costOfRevenue": 106847000000,
    "grossProfit": 34722000000,
    "grossProfitRatio": 0.2452655596,
    "researchAndDevelopmentExpenses": 0,
    "generalAndAdministrativeExpenses": 0,
    "sellingAndMarketingExpenses": 0,
    "sellingGeneralAndAdministrativeExpenses": 29404000000,
    "otherExpenses": -1998000000,
    "operatingExpenses": 29404000000,
    "costAndExpenses": 136251000000,
    "interestIncome": 36000000,
    "interestExpense": 455000000,
    "depreciationAndAmortization": 2680000000,
    "ebitda": 6036000000,
    "ebitdaratio": 0.0426364529,
    "operatingIncome": 5318000000,
    "operatingIncomeRatio": 0.0375647211,
    "totalOtherIncomeExpensesNet": -2417000000,
    "incomeBeforeTax": 2901000000,
    "incomeBeforeTaxRatio": 0.0204917743,
    "incomeTaxExpense": 798000000,
    "netIncome": 2054000000,
    "netIncomeRatio": 0.0145088261,
    "eps": 0.25,
    "epsdiluted": 0.25,
    "weightedAverageShsOut": 8261999834,
    "weightedAverageShsOutDil": 8294999834,
    "link": "https://www.sec.gov/Archives/edgar/data/104169/000010416922000029/0000104169-22-000029-index.htm",
    "finalLink": "https://www.sec.gov/Archives/edgar/data/104169/000010416922000029/wmt-20220430.htm"
  },
  {
    "date": "2022-01-31",
    "symbol": "WMT",
    "reportedCurrency": "USD",
    "cik": "0000104169",
    "fillingDate": "2022-03-18",
    "acceptedDate": "2022-03-18 17:03:00",
    "calendarYear": "2022",
    "period": "Q4",
    "revenue": 152871000000,
    "costOfRevenue": 115522000000,
    "grossProfit": 37349000000,
    "grossProfitRatio": 0.244317104,
    "researchAndDevelopmentExpenses": 0,
    "generalAndAdministrativeExpenses": 27562000000,
    "sellingAndMarketingExpenses": 3900000000,
    "sellingGeneralAndAdministrativeExpenses": 31462000000,
    "otherExpenses": -725000000,
    "operatingExpenses": 31462000000,
    "costAndExpenses": 146984000000,
    "interestIncome": 47000000,
    "interestExpense": 427000000,
    "depreciationAndAmortization": 2706000000,
    "ebitda": 7915000000,
    "ebitdaratio": 0.0517756801,
    "operatingIncome": 5887000000,
    "operatingIncomeRatio": 0.0385095931,
    "totalOtherIncomeExpensesNet": -1105000000,
    "incomeBeforeTax": 4782000000,
    "incomeBeforeTaxRatio": 0.0312812764,
    "incomeTaxExpense": 1149000000,
    "netIncome": 3562000000,
    "netIncomeRatio": 0.0233006914,
    "eps": 0.43,
    "epsdiluted": 0.43,
    "weightedAverageShsOut": 8307000000,
    "weightedAverageShsOutDil": 8346000000,
    "link": "https://www.sec.gov/Archives/edgar/data/104169/000010416922000012/0000104169-22-000012-index.htm",
    "finalLink": "https://www.sec.gov/Archives/edgar/data/104169/000010416922000012/wmt-20220131.htm"
  },
  {
    "date": "2021-10-31",
    "symbol": "WMT",
    "reportedCurrency": "USD",
    "cik": "0000104169",
    "fillingDate": "2021-12-01",
    "acceptedDate": "2021-12-01 17:02:58",
    "calendarYear": "2022",
    "period": "Q3",
    "revenue": 140525000000,
    "costOfRevenue": 105023000000,
    "grossProfit": 35502000000,
    "grossProfitRatio": 0.2526383206,
    "researchAndDevelopmentExpenses": 0,
    "generalAndAdministrativeExpenses": 0,
    "sellingAndMarketingExpenses": 0,
    "sellingGeneralAndAdministrativeExpenses": 29710000000,
    "otherExpenses": 1207000000,
    "operatingExpenses": 29710000000,
    "costAndExpenses": 134733000000,
    "interestIncome": 44000000,
    "interestExpense": 486000000,
    "depreciationAndAmortization": 2650000000,
    "ebitda": 8442000000,
    "ebitdaratio": 0.0600747198,
    "operatingIncome": 5792000000,
    "operatingIncomeRatio": 0.0412168653,
    "totalOtherIncomeExpensesNet": -1645000000,
    "incomeBeforeTax": 4147000000,
    "incomeBeforeTaxRatio": 0.0295107632,
    "incomeTaxExpense": 1015000000,
    "netIncome": 3105000000,
    "netIncomeRatio": 0.0220957125,
    "eps": 0.37,
    "epsdiluted": 0.37,
    "weightedAverageShsOut": 8355000000,
    "weightedAverageShsOutDil": 8391000000,
    "link": "https://www.sec.gov/Archives/edgar/data/104169/000010416921000072/0000104169-21-000072-index.htm",
    "finalLink": "https://www.sec.gov/Archives/edgar/data/104169/000010416921000072/wmt-20211031.htm"
  },
  {
    "date": "2021-07-31",
    "symbol": "WMT",
    "reportedCurrency": "USD",
    "cik": "0000104169",
    "fillingDate": "2021-09-02",
    "acceptedDate": "2021-09-02 17:13:23",
    "calendarYear": "2022",
    "period": "Q2",
    "revenue": 141048000000,
    "costOfRevenue": 105183000000,
    "grossProfit": 35865000000,
    "grossProfitRatio": 0.2542751404,
    "researchAndDevelopmentExpenses": 0,
    "generalAndAdministrativeExpenses": 0,
    "sellingAndMarketingExpenses": 0,
    "sellingGeneralAndAdministrativeExpenses": 28511000000,
    "otherExpenses": -953000000,
    "operatingExpenses": 28511000000,
    "costAndExpenses": 133694000000,
    "interestIncome": 37000000,
    "interestExpense": 515000000,
    "depreciationAndAmortization": 2641000000,
    "ebitda": 9079000000,
    "ebitdaratio": 0.0643681584,
    "operatingIncome": 7354000000,
    "operatingIncomeRatio": 0.0521382792,
    "totalOtherIncomeExpensesNet": -1431000000,
    "incomeBeforeTax": 5923000000,
    "incomeBeforeTaxRatio": 0.0419927968,
    "incomeTaxExpense": 1559000000,
    "netIncome": 4276000000,
    "netIncomeRatio": 0.0303159208,
    "eps": 0.51,
    "epsdiluted": 0.51,
    "weightedAverageShsOut": 8397000000,
    "weightedAverageShsOutDil": 8436000000,
    "link": "https://www.sec.gov/Archives/edgar/data/104169/000010416921000058/0000104169-21-000058-index.htm",
    "finalLink": "https://www.sec.gov/Archives/edgar/data/104169/000010416921000058/wmt-20210731.htm"
  },
  {
    "date": "2021-04-30",
    "symbol": "WMT",
    "reportedCurrency": "USD",
    "cik": "0000104169",
    "fillingDate": "2021-06-04",
    "acceptedDate": "2021-06-04 17:11:17",
    "calendarYear": "2022",
    "period": "Q1",
    "revenue": 138310000000,
    "costOfRevenue": 103272000000,
    "grossProfit": 35038000000,
    "grossProfitRatio": 0.2533294773,
    "researchAndDevelopmentExpenses": 0,
    "generalAndAdministrativeExpenses": 0,
    "sellingAndMarketingExpenses": 0,
    "sellingGeneralAndAdministrativeExpenses": 28129000000,
    "otherExpenses": -2529000000,
    "operatingExpenses": 28129000000,
    "costAndExpenses": 131401000000,
    "interestIncome": 30000000,
    "interestExpense": 566000000,
    "depreciationAndAmortization": 2661000000,
    "ebitda": 7071000000,
    "ebitdaratio": 0.051124286,
    "operatingIncome": 6909000000,
    "operatingIncomeRatio": 0.0499530041,
    "totalOtherIncomeExpensesNet": -3065000000,
    "incomeBeforeTax": 3844000000,
    "incomeBeforeTaxRatio": 0.0277926397,
    "incomeTaxExpense": 1033000000,
    "netIncome": 2730000000,
    "netIncomeRatio": 0.0197382691,
    "eps": 0.32,
    "epsdiluted": 0.32,
    "weightedAverageShsOut": 8445000000,
    "weightedAverageShsOutDil": 8487000000,
    "link": "https://www.sec.gov/Archives/edgar/data/104169/000010416921000042/0000104169-21-000042-index.htm",
    "finalLink": "https://www.sec.gov/Archives/edgar/data/104169/000010416921000042/wmt-20210430.htm"
  },
  {
    "date": "2021-01-31",
    "symbol": "WMT",
    "reportedCurrency": "USD",
    "cik": "0000104169",
    "fillingDate": "2021-03-19",
    "acceptedDate": "2021-03-19 16:40:44",
    "calendarYear": "2021",
    "period": "Q4",
    "revenue": 152079000000,
    "costOfRevenue": 115261000000,
    "grossProfit": 36818000000,
    "grossProfitRatio": 0.242097857,
    "researchAndDevelopmentExpenses": 0,
    "generalAndAdministrativeExpenses": 28131000000,
    "sellingAndMarketingExpenses": 3200000000,
    "sellingGeneralAndAdministrativeExpenses": 31331000000,
    "otherExpenses": -5586000000,
    "operatingExpenses": 31331000000,
    "costAndExpenses": 146592000000,
    "interestIncome": 30000000,
    "interestExpense": 524000000,
    "depreciationAndAmortization": 2819000000,
    "ebitda": 2750000000,
    "ebitdaratio": 0.018082707,
    "operatingIncome": 5487000000,
    "operatingIncomeRatio": 0.0360799321,
    "totalOtherIncomeExpensesNet": -6080000000,
    "incomeBeforeTax": -593000000,
    "incomeBeforeTaxRatio": -0.0038992892,
    "incomeTaxExpense": 1415000000,
    "netIncome": -2091000000,
    "netIncomeRatio": -0.0137494329,
    "eps": -0.25,
    "epsdiluted": -0.25,
    "weightedAverageShsOut": 8478000000,
    "weightedAverageShsOutDil": 8478000000,
    "link": "https://www.sec.gov/Archives/edgar/data/104169/000010416921000033/0000104169-21-000033-index.htm",
    "finalLink": "https://www.sec.gov/Archives/edgar/data/104169/000010416921000033/wmt-20210131.htm"
  },
  {
    "date": "2020-10-31",
    "symbol": "WMT",
    "reportedCurrency": "USD",
    "cik": "0000104169",
    "fillingDate": "2020-12-02",
    "acceptedDate": "2020-12-02 17:10:24",
    "calendarYear": "2021",
    "period": "Q3",
    "revenue": 134708000000,
    "costOfRevenue": 100339000000,
    "grossProfit": 34369000000,
    "grossProfitRatio": 0.2551370371,
    "researchAndDevelopmentExpenses": 0,
    "generalAndAdministrativeExpenses": 0,
    "sellingAndMarketingExpenses": 0,
    "sellingGeneralAndAdministrativeExpenses": 28591000000,
    "otherExpenses": 1853000000,
    "operatingExpenses": 28591000000,
    "costAndExpenses": 128930000000,
    "interestIncome": 25000000,
    "interestExpense": 541000000,
    "depreciationAndAmortization": 2771000000,
    "ebitda": 10427000000,
    "ebitdaratio": 0.07740446,
    "operatingIncome": 5778000000,
    "operatingIncomeRatio": 0.0428927755,
    "totalOtherIncomeExpensesNet": 1337000000,
    "incomeBeforeTax": 7115000000,
    "incomeBeforeTaxRatio": 0.052817947,
    "incomeTaxExpense": 1914000000,
    "netIncome": 5135000000,
    "netIncomeRatio": 0.0381194881,
    "eps": 0.6,
    "epsdiluted": 0.6,
    "weightedAverageShsOut": 8499000000,
    "weightedAverageShsOutDil": 8547000000,
    "link": "https://www.sec.gov/Archives/edgar/data/104169/000010416920000076/0000104169-20-000076-index.htm",
    "finalLink": "https://www.sec.gov/Archives/edgar/data/104169/000010416920000076/wmt-20201031.htm"
  },
  {
    "date": "2020-07-31",
    "symbol": "WMT",
    "reportedCurrency": "USD",
    "cik": "0000104169",
    "fillingDate": "2020-09-02",
    "acceptedDate": "2020-09-02 17:05:25",
    "calendarYear": "2021",
    "period": "Q2",
    "revenue": 137742000000,
    "costOfRevenue": 102689000000,
    "grossProfit": 35053000000,
    "grossProfitRatio": 0.254483019,
    "researchAndDevelopmentExpenses": 0,
    "generalAndAdministrativeExpenses": 0,
    "sellingAndMarketingExpenses": 0,
    "sellingGeneralAndAdministrativeExpenses": 28994000000,
    "otherExpenses": 3222000000,
    "operatingExpenses": 28994000000,
    "costAndExpenses": 131683000000,
    "interestIncome": 23000000,
    "interestExpense": 658000000,
    "depreciationAndAmortization": 2771000000,
    "ebitda": 12075000000,
    "ebitdaratio": 0.0876638934,
    "operatingIncome": 6059000000,
    "operatingIncomeRatio": 0.0439880356,
    "totalOtherIncomeExpensesNet": 2587000000,
    "incomeBeforeTax": 8646000000,
    "incomeBeforeTaxRatio": 0.0627695256,
    "incomeTaxExpense": 2207000000,
    "netIncome": 6476000000,
    "netIncomeRatio": 0.0470154347,
    "eps": 0.76,
    "epsdiluted": 0.76,
    "weightedAverageShsOut": 8496000000,
    "weightedAverageShsOutDil": 8544000000,
    "link": "https://www.sec.gov/Archives/edgar/data/104169/000010416920000042/0000104169-20-000042-index.htm",
    "finalLink": "https://www.sec.gov/Archives/edgar/data/104169/000010416920000042/wmtform10-qx7312020.htm"
  },
  {
    "date": "2020-04-30",
    "symbol": "WMT",
    "reportedCurrency": "USD",
    "cik": "0000104169",
    "fillingDate": "2020-06-03",
    "acceptedDate": "2020-06-03 17:10:33",
    "calendarYear": "2021",
    "period": "Q1",
    "revenue": 134622000000,
    "costOfRevenue": 102026000000,
    "grossProfit": 32596000000,
    "grossProfitRatio": 0.2421298153,
    "researchAndDevelopmentExpenses": 0,
    "generalAndAdministrativeExpenses": 0,
    "sellingAndMarketingExpenses": 0,
    "sellingGeneralAndAdministrativeExpenses": 27372000000,
    "otherExpenses": 721000000,
    "operatingExpenses": 27372000000,
    "costAndExpenses": 129398000000,
    "interestIncome": 43000000,
    "interestExpense": 592000000,
    "depreciationAndAmortization": 2791000000,
    "ebitda": 8779000000,
    "ebitdaratio": 0.0652122239,
    "operatingIncome": 5224000000,
    "operatingIncomeRatio": 0.0388049502,
    "totalOtherIncomeExpensesNet": 172000000,
    "incomeBeforeTax": 5396000000,
    "incomeBeforeTaxRatio": 0.0400826017,
    "incomeTaxExpense": 1322000000,
    "netIncome": 3990000000,
    "netIncomeRatio": 0.0296385435,
    "eps": 0.47,
    "epsdiluted": 0.47,
    "weightedAverageShsOut": 8493000000,
    "weightedAverageShsOutDil": 8547000000,
    "link": "https://www.sec.gov/Archives/edgar/data/104169/000010416920000020/0000104169-20-000020-index.htm",
    "finalLink": "https://www.sec.gov/Archives/edgar/data/104169/000010416920000020/wmtform10-qx4302020.htm"
  }
]