[
  {
    "date": "2024-12-31",
    "symbol": "META",
    "reportedCurrency": "USD",
    "cik": "0001326801",
    "fillingDate": "2025-01-30",
    "acceptedDate": "2025-01-29 20:00:50",
    "calendarYear": "2024",
    "period": "Q4",
    "revenue": 48385000000,
    "costOfRevenue": 8839000000,
    "grossProfit": 39546000000,
    "grossProfitRatio": 0.8173194172,
    "researchAndDevelopmentExpenses": 12180000000,
    "generalAndAdministrativeExpenses": 762000000,
    "sellingAndMarketingExpenses": 3240000000,
    "sellingGeneralAndAdministrativeExpenses": 4002000000,
    "otherExpenses": 0,
    "operatingExpenses": 16182000000,
    "costAndExpenses": 25021000000,
    "interestIncome": 731000000,
    "interestExpense": 158000000,
    "depreciationAndAmortization": 0,
    "ebitda": 23365000000,
    "ebitdaratio": 0.4828975922,
    "operatingIncome": 23365000000,
    "operatingIncomeRatio": 0.4828975922,
    "totalOtherIncomeExpensesNet": 187000000,
    "incomeBeforeTax": 23552000000,
    "incomeBeforeTaxRatio": 0.4867624264,
    "incomeTaxExpense": 2714000000,
    "netIncome": 20838000000,
    "netIncomeRatio": 0.4306706624,
    "eps": 8.22,
    "epsdiluted": 7.97,
    "weightedAverageShsOut": 2534000000,
    "weightedAverageShsOutDil": 2614000000,
    "link": "https://www.sec.gov/Archives/edgar/data/1326801/000132680125000017/0001326801-25-000017-index.htm",
    "finalLink": "https://www.sec.gov/Archives/edgar/data/1326801/000132680125000017/meta-20241231.htm"
  },
  {
    "date": "2024-09-30",
    "symbol": "META",
    "reportedCurrency": "USD",
    "cik": "0001326801",
    "fillingDate": "2024-10-31",
    "acceptedDate": "2024-10-30 19:54:51",
    "calendarYear": "2024",
    "period": "Q3",
    "revenue": 40589000000,
    "costOfRevenue": 7375000000,
    "grossProfit": 33214000000,
    "grossProfitRatio": 0.8183005248,
    "researchAndDevelopmentExpenses": 11177000000,
    "generalAndAdministrativeExpenses": 1865000000,
    "sellingAndMarketingExpenses": 2822000000,
    "sellingGeneralAndAdministrativeExpenses": 4687000000,
    "otherExpenses": 0,
    "operatingExpenses": 15864000000,
    "costAndExpenses": 23239000000,
    "interestIncome": 661000000,
    "interestExpense": 208000000,
    "depreciationAndAmortization": 4027000000,
    "ebitda": 22057000000,
    "ebitdaratio": 0.5434230949,
    "operatingIncome": 17350000000,
    "operatingIncomeRatio": 0.4274557146,
    "totalOtherIncomeExpensesNet": 472000000,
    "incomeBeforeTax": 17822000000,
    "incomeBeforeTaxRatio": 0.439084481,
    "incomeTaxExpense": 2134000000,
    "netIncome": 15688000000,
    "netIncomeRatio": 0.38650866,
    "eps": 6.2,
    "epsdiluted": 6.03,
    "weightedAverageShsOut": 2529000000,
    "weightedAverageShsOutDil": 2600000000,
    "link": "https://www.sec.gov/Archives/edgar/data/1326801/000132680124000081/0001326801-24-000081-index.htm",
    "finalLink": "https://www.sec.gov/Archives/edgar/data/1326801/000132680124000081/meta-20240930.htm"
  },
  {
    "date": "2024-06-30",
    "symbol": "META",
    "reportedCurrency": "USD",
    "cik": "0001326801",
    "fillingDate": "2024-08-01",
    "acceptedDate": "2024-07-31 20:14:40",
    "calendarYear": "2024",
    "period": "Q2",
    "revenue": 39071000000,
    "costOfRevenue": 7308000000,
    "grossProfit": 31763000000,
    "grossProfitRatio": 0.8129559008,
    "researchAndDevelopmentExpenses": 10537000000,
    "generalAndAdministrativeExpenses": 3658000000,
    "sellingAndMarketingExpenses": 2721000000,
    "sellingGeneralAndAdministrativeExpenses": 6379000000,
    "otherExpenses": 14000000,
    "operatingExpenses": 16916000000,
    "costAndExpenses": 24224000000,
    "interestIncome": 540000000,
    "interestExpense": 128000000,
    "depreciationAndAmortization": 3637000000,
    "ebitda": 18525000000,
    "ebitdaratio": 0.4741368278,
    "operatingIncome": 14847000000,
    "operatingIncomeRatio": 0.3800005119,
    "totalOtherIncomeExpensesNet": 259000000,
    "incomeBeforeTax": 15106000000,
    "incomeBeforeTaxRatio": 0.3866294694,
    "incomeTaxExpense": 1641000000,
    "netIncome": 13465000000,
    "netIncomeRatio": 0.3446290087,
    "eps": 5.31,
    "epsdiluted": 5.16,
    "weightedAverageShsOut": 2534000000,
    "weightedAverageShsOutDil": 2610000000,
    "link": "https://www.sec.gov/Archives/edgar/data/1326801/000132680124000069/0001326801-24-000069-index.htm",
    "finalLink": "https://www.sec.gov/Archives/edgar/data/1326801/000132680124000069/meta-20240630.htm"
  },
  {
    "date": "2024-03-31",
    "symbol": "META",
    "reportedCurrency": "USD",
    "cik": "0001326801",
    "fillingDate": "2024-04-25",
    "acceptedDate": "2024-04-24 20:14:19",
    "calendarYear": "2024",
    "period": "Q1",
    "revenue": 36455000000,
    "costOfRevenue": 6640000000,
    "grossProfit": 29815000000,
    "grossProfitRatio": 0.8178576327,
    "researchAndDevelopmentExpenses": 9978000000,
    "generalAndAdministrativeExpenses": 3455000000,
    "sellingAndMarketingExpenses": 2564000000,
    "sellingGeneralAndAdministrativeExpenses": 6019000000,
    "otherExpenses": 0,
    "operatingExpenses": 15997000000,
    "costAndExpenses": 22637000000,
    "interestIncome": 585000000,
    "interestExpense": 127000000,
    "depreciationAndAmortization": 3374000000,
    "ebitda": 17684000000,
    "ebitdaratio": 0.4850912083,
    "operatingIncome": 13818000000,
    "operatingIncomeRatio": 0.3790426553,
    "totalOtherIncomeExpensesNet": 365000000,
    "incomeBeforeTax": 14183000000,
    "incomeBeforeTaxRatio": 0.3890549993,
    "incomeTaxExpense": 1814000000,
    "netIncome": 12369000000,
    "netIncomeRatio": 0.3392950213,
    "eps": 4.86,
    "epsdiluted": 4.71,
    "weightedAverageShsOut": 2545000000,
    "weightedAverageShsOutDil": 2625000000,
    "link": "https://www.sec.gov/Archives/edgar/data/1326801/000132680124000049/0001326801-24-000049-index.htm",
    "finalLink": "https://www.sec.gov/Archives/edgar/data/1326801/000132680124000049/meta-20240331.htm"
  },
  {
    "date": "2023-12-31",
    "symbol": "META",
    "reportedCurrency": "USD",
    "cik": "0001326801",
    "fillingDate": "2024-02-02",
    "acceptedDate": "2024-02-01 19:39:02",
    "calendarYear": "2023",
    "period": "Q4",
    "revenue": 40111000000,
    "costOfRevenue": 7695000000,
    "grossProfit": 32416000000,
    "grossProfitRatio": 0.8081573633,
    "researchAndDevelopmentExpenses": 10517000000,
    "generalAndAdministrativeExpenses": 2289000000,
    "sellingAndMarketingExpenses": 3226000000,
    "sellingGeneralAndAdministrativeExpenses": 5515000000,
    "otherExpenses": 0,
    "operatingExpenses": 16032000000,
    "costAndExpenses": 23727000000,
    "interestIncome": 588000000,
    "interestExpense": 136000000,
    "depreciationAndAmortization": 3172000000,
    "ebitda": 20705000000,
    "ebitdaratio": 0.5161925656,
    "operatingIncome": 17533000000,
    "operatingIncomeRatio": 0.4371120142,
    "totalOtherIncomeExpensesNet": 423000000,
    "incomeBeforeTax": 16807000000,
    "incomeBeforeTaxRatio": 0.419012241,
    "incomeTaxExpense": 2790000000,
    "netIncome": 14017000000,
    "netIncomeRatio": 0.3494552616,
    "eps": 5.46,
    "epsdiluted": 5.33,
    "weightedAverageShsOut": 2566000000,
    "weightedAverageShsOutDil": 2630000000,
    "link": "https://www.sec.gov/Archives/edgar/data/1326801/000132680124000012/0001326801-24-000012-index.htm",
    "finalLink": "https://www.sec.gov/Archives/edgar/data/1326801/000132680124000012/meta-20231231.htm"
  },
  {
    "date": "2023-09-30",
    "symbol": "META",
    "reportedCurrency": "USD",
    "cik": "0001326801",
    "fillingDate": "2023-10-26",
    "acceptedDate": "2023-10-25 20:07:27",
    "calendarYear": "2023",
    "period": "Q3",
    "revenue": 34146000000,
    "costOfRevenue": 6210000000,
    "grossProfit": 27936000000,
    "grossProfitRatio": 0.8181338956,
    "researchAndDevelopmentExpenses": 9241000000,
    "generalAndAdministrativeExpenses": 2070000000,
    "sellingAndMarketingExpenses": 2877000000,
    "sellingGeneralAndAdministrativeExpenses": 4947000000,
    "otherExpenses": 0,
    "operatingExpenses": 14188000000,
    "costAndExpenses": 20398000000,
    "interestIncome": 534000000,
    "interestExpense": 139000000,
    "depreciationAndAmortization": 2859000000,
    "ebitda": 16987000000,
    "ebitdaratio": 0.4974814034,
    "operatingIncome": 14128000000,
    "operatingIncomeRatio": 0.413752709,
    "totalOtherIncomeExpensesNet": 272000000,
    "incomeBeforeTax": 14020000000,
    "incomeBeforeTaxRatio": 0.4105898202,
    "incomeTaxExpense": 2437000000,
    "netIncome": 11583000000,
    "netIncomeRatio": 0.3392198208,
    "eps": 4.5,
    "epsdiluted": 4.39,
    "weightedAverageShsOut": 2576000000,
    "weightedAverageShsOutDil": 2641000000,
    "link": "https://www.sec.gov/Archives/edgar/data/1326801/000132680123000103/0001326801-23-000103-index.htm",
    "finalLink": "https://www.sec.gov/Archives/edgar/data/1326801/000132680123000103/meta-20230930.htm"
  },
  {
    "date": "2023-06-30",
    "symbol": "META",
    "reportedCurrency": "USD",
    "cik": "0001326801",
    "fillingDate": "2023-07-27",
    "acceptedDate": "2023-07-26 20:11:08",
    "calendarYear": "2023",
    "period": "Q2",
    "revenue": 31999000000,
    "costOfRevenue": 5945000000,
    "grossProfit": 26054000000,
    "grossProfitRatio": 0.8142129442,
    "researchAndDevelopmentExpenses": 9344000000,
    "generalAndAdministrativeExpenses": 4164000000,
    "sellingAndMarketingExpenses": 3154000000,
    "sellingGeneralAndAdministrativeExpenses": 7318000000,
    "otherExpenses": 0,
    "operatingExpenses": 16662000000,
    "costAndExpenses": 22607000000,
    "interestIncome": 323000000,
    "interestExpense": 116000000,
    "depreciationAndAmortization": 2623000000,
    "ebitda": 12199000000,
    "ebitdaratio": 0.3812306635,
    "operatingIncome": 9576000000,
    "operatingIncomeRatio": 0.2992593519,
    "totalOtherIncomeExpensesNet": -99000000,
    "incomeBeforeTax": 9293000000,
    "incomeBeforeTaxRatio": 0.2904153255,
    "incomeTaxExpense": 1505000000,
    "netIncome": 7788000000,
    "netIncomeRatio": 0.2433826057,
    "eps": 3.03,
    "epsdiluted": 2.98,
    "weightedAverageShsOut": 2568000000,
    "weightedAverageShsOutDil": 2612000000,
    "link": "https://www.sec.gov/Archives/edgar/data/1326801/000132680123000093/0001326801-23-000093-index.htm",
    "finalLink": "https://www.sec.gov/Archives/edgar/data/1326801/000132680123000093/meta-20230630.htm"
  },
  {
    "date": "2023-03-31",
    "symbol": "META",
    "reportedCurrency": "USD",
    "cik": "0001326801",
    "fillingDate": "2023-04-27",
    "acceptedDate": "2023-04-26 20:56:18",
    "calendarYear": "2023",
    "period": "Q1",
    "revenue": 28645000000,
    "costOfRevenue": 6108000000,
    "grossProfit": 22537000000,
    "grossProfitRatio": 0.7867690696,
    "researchAndDevelopmentExpenses": 9381000000,
    "generalAndAdministrativeExpenses": 2885000000,
    "sellingAndMarketingExpenses": 3044000000,
    "sellingGeneralAndAdministrativeExpenses": 5929000000,
    "otherExpenses": 0,
    "operatingExpenses": 15310000000,
    "costAndExpenses": 21418000000,
    "interestIncome": 193000000,
    "interestExpense": 55000000,
    "depreciationAndAmortization": 2524000000,
    "ebitda": 10372000000,
    "ebitdaratio": 0.3620876244,
    "operatingIncome": 7848000000,
    "operatingIncomeRatio": 0.2739745156,
    "totalOtherIncomeExpensesNet": 80000000,
    "incomeBeforeTax": 7307000000,
    "incomeBeforeTaxRatio": 0.255088148,
    "incomeTaxExpense": 1598000000,
    "netIncome": 5709000000,
    "netIncomeRatio": 0.1993017979,
    "eps": 2.21,
    "epsdiluted": 2.2,
    "weightedAverageShsOut": 2587000000,
    "weightedAverageShsOutDil": 2596000000,
    "link": "https://www.sec.gov/Archives/edgar/data/1326801/000132680123000067/0001326801-23-000067-index.htm",
    "finalLink": "https://www.sec.gov/Archives/edgar/data/1326801/000132680123000067/meta-20230331.htm"
  },
  {
    "date": "2022-12-31",
    "symbol": "META",
    "reportedCurrency": "USD",
    "cik": "0001326801",
    "fillingDate": "2023-02-02",
    "acceptedDate": "2023-02-01 20:26:31",
    "calendarYear": "2022",
    "period": "Q4",
    "revenue": 32165000000,
    "costOfRevenue": 8336000000,
    "grossProfit": 23829000000,
    "grossProfitRatio": 0.7408363128,
    "researchAndDevelopmentExpenses": 9771000000,
    "generalAndAdministrativeExpenses": 3085000000,
    "sellingAndMarketingExpenses": 4574000000,
    "sellingGeneralAndAdministrativeExpenses": 7659000000,
    "otherExpenses": -339000000,
    "operatingExpenses": 17430000000,
    "costAndExpenses": 25766000000,
    "interestIncome": 32000000,
    "interestExpense": 32000000,
    "depreciationAndAmortization": 2376000000,
    "ebitda": 13386000000,
    "ebitdaratio": 0.4161666408,
    "operatingIncome": 11010000000,
    "operatingIncomeRatio": 0.3422975284,
    "totalOtherIncomeExpensesNet": -250000000,
    "incomeBeforeTax": 6149000000,
    "incomeBeforeTaxRatio": 0.191170527,
    "incomeTaxExpense": 1496000000,
    "netIncome": 4653000000,
    "netIncomeRatio": 0.1446603451,
    "eps": 1.76,
    "epsdiluted": 1.76,
    "weightedAverageShsOut": 2638000000,
    "weightedAverageShsOutDil": 2640000000,
    "link": "https://www.sec.gov/Archives/edgar/data/1326801/000132680123000013/0001326801-23-000013-index.htm",
    "finalLink": "https://www.sec.gov/Archives/edgar/data/1326801/000132680123000013/meta-20221231.htm"
  },
  {
    "date": "2022-09-30",
    "symbol": "META",
    "reportedCurrency": "USD",
    "cik": "0001326801",
    "fillingDate": "2022-10-27",
    "acceptedDate": "2022-10-26 20:26:36",
    "calendarYear": "2022",
    "period": "Q3",
    "revenue": 27714000000,
    "costOfRevenue": 5716000000,
    "grossProfit": 21998000000,
    "grossProfitRatio": 0.793750451,
    "researchAndDevelopmentExpenses": 9170000000,
    "generalAndAdministrativeExpenses": 3384000000,
    "sellingAndMarketingExpenses": 3780000000,
    "sellingGeneralAndAdministrativeExpenses": 7164000000,
    "otherExpenses": -34000000,
    "operatingExpenses": 16334000000,
    "costAndExpenses": 22050000000,
    "interestIncome": 77000000,
    "interestExpense": 77000000,
    "depreciationAndAmortization": 2175000000,
    "ebitda": 7839000000,
    "ebitdaratio": 0.2828534315,
    "operatingIncome": 5664000000,
    "operatingIncomeRatio": 0.204373241,
    "totalOtherIncomeExpensesNet": -88000000,
    "incomeBeforeTax": 5576000000,
    "incomeBeforeTaxRatio": 0.2011979505,
    "incomeTaxExpense": 1181000000,
    "netIncome": 4395000000,
    "netIncomeRatio": 0.1585841091,
    "eps": 1.64,
    "epsdiluted": 1.64,
    "weightedAverageShsOut": 2682000000,
    "weightedAverageShsOutDil": 2687000000,
    "link": "https://www.sec.gov/Archives/edgar/data/1326801/000132680122000108/0001326801-22-000108-index.htm",
    "finalLink": "https://www.sec.gov/Archives/edgar/data/1326801/000132680122000108/meta-20220930.htm"
  },
  {
    "date": "2022-06-30",
    "symbol": "META",
    "reportedCurrency": "USD",
    "cik": "0001326801",
    "fillingDate": "2022-07-28",
    "acceptedDate": "2022-07-27 20:44:34",
    "calendarYear": "2022",
    "period": "Q2",
    "revenue": 28822000000,
    "costOfRevenue": 5192000000,
    "grossProfit": 23630000000,
    "grossProfitRatio": 0.8198598293,
    "researchAndDevelopmentExpenses": 8690000000,
    "generalAndAdministrativeExpenses": 2987000000,
    "sellingAndMarketingExpenses": 3595000000,
    "sellingGeneralAndAdministrativeExpenses": 6582000000,
    "otherExpenses": -203000000,
    "operatingExpenses": 15272000000,
    "costAndExpenses": 20464000000,
    "interestIncome": 91000000,
    "interestExpense": 5000000,
    "depreciationAndAmortization": 1979000000,
    "ebitda": 10337000000,
    "ebitdaratio": 0.3586496426,
    "operatingIncome": 8358000000,
    "operatingIncomeRatio": 0.2899868156,
    "totalOtherIncomeExpensesNet": -172000000,
    "incomeBeforeTax": 8186000000,
    "incomeBeforeTaxRatio": 0.284019152,
    "incomeTaxExpense": 1499000000,
    "netIncome": 6687000000,
    "netIncomeRatio": 0.2320102699,
    "eps": 2.47,
    "epsdiluted": 2.46,
    "weightedAverageShsOut": 2704000000,
    "weightedAverageShsOutDil": 2713000000,
    "link": "https://www.sec.gov/Archives/edgar/data/1326801/000132680122000082/0001326801-22-000082-index.htm",
    "finalLink": "https://www.sec.gov/Archives/edgar/data/1326801/000132680122000082/meta-20220630.htm"
  },
  {
    "date": "2022-03-31",
    "symbol": "META",
    "reportedCurrency": "USD",
    "cik": "0001326801",
    "fillingDate": "2022-04-28",
    "acceptedDate": "2022-04-27 20:42:59",
    "calendarYear": "2022",
    "period": "Q1",
    "revenue": 27908000000,
    "costOfRevenue": 6005000000,
    "grossProfit": 21903000000,
    "grossProfitRatio": 0.7848287229,
    "researchAndDevelopmentExpenses": 7707000000,
    "generalAndAdministrativeExpenses": 2360000000,
    "sellingAndMarketingExpenses": 3312000000,
    "sellingGeneralAndAdministrativeExpenses": 5672000000,
    "otherExpenses": 254000000,
    "operatingExpenses": 13379000000,
    "costAndExpenses": 19384000000,
    "interestIncome": 384000000,
    "interestExpense": 76000000,
    "depreciationAndAmortization": 2156000000,
    "ebitda": 10680000000,
    "ebitdaratio": 0.3826859682,
    "operatingIncome": 8524000000,
    "operatingIncomeRatio": 0.3054321342,
    "totalOtherIncomeExpensesNet": 384000000,
    "incomeBeforeTax": 8908000000,
    "incomeBeforeTaxRatio": 0.3191916296,
    "incomeTaxExpense": 1443000000,
    "netIncome": 7465000000,
    "netIncomeRatio": 0.2674860255,
    "eps": 2.74,
    "epsdiluted": 2.72,
    "weightedAverageShsOut": 2725000000,
    "weightedAverageShsOutDil": 2742000000,
    "link": "https://www.sec.gov/Archives/edgar/data/1326801/000132680122000057/0001326801-22-000057-index.htm",
    "finalLink": "https://www.sec.gov/Archives/edgar/data/1326801/000132680122000057/meta-20220331.htm"
  },
  {
    "date": "2021-12-31",
    "symbol": "META",
    "reportedCurrency": "USD",
    "cik": "0001326801",
    "fillingDate": "2022-02-03",
    "acceptedDate": "2022-02-02 21:11:04",
    "calendarYear": "2021",
    "period": "Q4",
    "revenue": 33671000000,
    "costOfRevenue": 6348000000,
    "grossProfit": 27323000000,
    "grossProfitRatio": 0.8114698108,
    "researchAndDevelopmentExpenses": 7046000000,
    "generalAndAdministrativeExpenses": 3305000000,
    "sellingAndMarketingExpenses": 4387000000,
    "sellingGeneralAndAdministrativeExpenses": 7692000000,
    "otherExpenses": 15000000,
    "operatingExpenses": 14738000000,
    "costAndExpenses": 21086000000,
    "interestIncome": 117000000,
    "interestExpense": 102000000,
    "depreciationAndAmortization": 2014000000,
    "ebitda": 14599000000,
    "ebitdaratio": 0.4335778563,
    "operatingIncome": 12585000000,
    "operatingIncomeRatio": 0.373763773,
    "totalOtherIncomeExpensesNet": 118000000,
    "incomeBeforeTax": 12703000000,
    "incomeBeforeTaxRatio": 0.3772682724,
    "incomeTaxExpense": 2418000000,
    "netIncome": 10285000000,
    "netIncomeRatio": 0.3054557334,
    "eps": 3.72,
    "epsdiluted": 3.68,
    "weightedAverageShsOut": 2797077658,
    "weightedAverageShsOutDil": 2799000000,
    "link": "https://www.sec.gov/Archives/edgar/data/1326801/000132680122000018/0001326801-22-000018-index.htm",
    "finalLink": "https://www.sec.gov/Archives/edgar/data/1326801/000132680122000018/fb-20211231.htm"
  },
  {
    "date": "2021-09-30",
    "symbol": "META",
    "reportedCurrency": "USD",
    "cik": "0001326801",
    "fillingDate": "2021-10-26",
    "acceptedDate": "2021-10-25 20:44:20",
    "calendarYear": "2021",
    "period": "Q3",
    "revenue": 29010000000,
    "costOfRevenue": 5771000000,
    "grossProfit": 23239000000,
    "grossProfitRatio": 0.801068597,
    "researchAndDevelopmentExpenses": 6316000000,
    "generalAndAdministrativeExpenses": 2946000000,
    "sellingAndMarketingExpenses": 3554000000,
    "sellingGeneralAndAdministrativeExpenses": 6500000000,
    "otherExpenses": 70000000,
    "operatingExpenses": 12816000000,
    "costAndExpenses": 18587000000,
    "interestIncome": 120000000,
    "interestExpense": 120000000,
    "depreciationAndAmortization": 1995000000,
    "ebitda": 12418000000,
    "ebitdaratio": 0.4280592899,
    "operatingIncome": 10423000000,
    "operatingIncomeRatio": 0.3592899,
    "totalOtherIncomeExpensesNet": 142000000,
    "incomeBeforeTax": 10565000000,
    "incomeBeforeTaxRatio": 0.3641847639,
    "incomeTaxExpense": 1371000000,
    "netIncome": 9194000000,
    "netIncomeRatio": 0.3169251982,
    "eps": 3.27,
    "epsdiluted": 3.22,
    "weightedAverageShsOut": 2855279503,
    "weightedAverageShsOutDil": 2859000000,
    "link": "https://www.sec.gov/Archives/edgar/data/1326801/000132680121000065/0001326801-21-000065-index.htm",
    "finalLink": "https://www.sec.gov/Archives/edgar/data/1326801/000132680121000065/fb-20210930.htm"
  },
  {
    "date": "2021-06-30",
    "symbol": "META",
    "reportedCurrency": "USD",
    "cik": "0001326801",
    "fillingDate": "2021-07-29",
    "acceptedDate": "2021-07-28 20:13:08",
    "calendarYear": "2021",
    "period": "Q2",
    "revenue": 29077000000,
    "costOfRevenue": 5399000000,
    "grossProfit": 23678000000,
    "grossProfitRatio": 0.814320597,
    "researchAndDevelopmentExpenses": 6096000000,
    "generalAndAdministrativeExpenses": 1956000000,
    "sellingAndMarketingExpenses": 3259000000,
    "sellingGeneralAndAdministrativeExpenses": 5215000000,
    "otherExpenses": 25000000,
    "operatingExpenses": 11311000000,
    "costAndExpenses": 16710000000,
    "interestIncome": 121000000,
    "interestExpense": 121000000,
    "depreciationAndAmortization": 1986000000,
    "ebitda": 14353000000,
    "ebitdaratio": 0.4936203872,
    "operatingIncome": 12367000000,
    "operatingIncomeRatio": 0.4253189806,
    "totalOtherIncomeExpensesNet": 146000000,
    "incomeBeforeTax": 12513000000,
    "incomeBeforeTaxRatio": 0.4303401314,
    "incomeTaxExpense": 2119000000,
    "netIncome": 10394000000,
    "netIncomeRatio": 0.3574646628,
    "eps": 3.67,
    "epsdiluted": 3.61,
    "weightedAverageShsOut": 2877000000,
    "weightedAverageShsOutDil": 2879224376,
    "link": "https://www.sec.gov/Archives/edgar/data/1326801/000132680121000049/0001326801-21-000049-index.htm",
    "finalLink": "https://www.sec.gov/Archives/edgar/data/1326801/000132680121000049/fb-20210630.htm"
  },
  {
    "date": "2021-03-31",
    "symbol": "META",
    "reportedCurrency": "USD",
    "cik": "0001326801",
    "fillingDate": "2021-04-29",
    "acceptedDate": "2021-04-28 20:12:05",
    "calendarYear": "2021",
    "period": "Q1",
    "revenue": 26171000000,
    "costOfRevenue": 5131000000,
    "grossProfit": 21040000000,
    "grossProfitRatio": 0.803943296,
    "researchAndDevelopmentExpenses": 5197000000,
    "generalAndAdministrativeExpenses": 1622000000,
    "sellingAndMarketingExpenses": 2843000000,
    "sellingGeneralAndAdministrativeExpenses": 4465000000,
    "otherExpenses": 100000000,
    "operatingExpenses": 9662000000,
    "costAndExpenses": 14793000000,
    "interestIncome": 118000000,
    "interestExpense": 118000000,
    "depreciationAndAmortization": 1972000000,
    "ebitda": 13350000000,
    "ebitdaratio": 0.5101066065,
    "operatingIncome": 11378000000,
    "operatingIncomeRatio": 0.4347560277,
    "totalOtherIncomeExpensesNet": 125000000,
    "incomeBeforeTax": 11503000000,
    "incomeBeforeTaxRatio": 0.4395323068,
    "incomeTaxExpense": 2006000000,
    "netIncome": 9497000000,
    "netIncomeRatio": 0.36288258,
    "eps": 3.34,
    "epsdiluted": 3.3,
    "weightedAverageShsOut": 2877878787,
    "weightedAverageShsOutDil": 2882000000,
    "link": "https://www.sec.gov/Archives/edgar/data/1326801/000132680121000033/0001326801-21-000033-index.htm",
    "finalLink": "https://www.sec.gov/Archives/edgar/data/1326801/000132680121000033/fb-20210331.htm"
  },
  {
    "date": "2020-12-31",
    "symbol": "META",
    "reportedCurrency": "USD",
    "cik": "0001326801",
    "fillingDate": "2021-01-28",
    "acceptedDate": "2021-01-27 21:13:48",
    "calendarYear": "2020",
    "period": "Q4",
    "revenue": 28072000000,
    "costOfRevenue": 5210000000,
    "grossProfit": 22862000000,
    "grossProfitRatio": 0.8144058136,
    "researchAndDevelopmentExpenses": 5208000000,
    "generalAndAdministrativeExpenses": 1599000000,
    "sellingAndMarketingExpenses": 3280000000,
    "sellingGeneralAndAdministrativeExpenses": 4879000000,
    "otherExpenses": 273000000,
    "operatingExpenses": 10087000000,
    "costAndExpenses": 15297000000,
    "interestIncome": 280000000,
    "interestExpense": 136000000,
    "depreciationAndAmortization": 1863000000,
    "ebitda": 14638000000,
    "ebitdaratio": 0.5214448561,
    "operatingIncome": 12775000000,
    "operatingIncomeRatio": 0.4550797948,
    "totalOtherIncomeExpensesNet": 280000000,
    "incomeBeforeTax": 13055000000,
    "incomeBeforeTaxRatio": 0.4650541465,
    "incomeTaxExpense": 1836000000,
    "netIncome": 11219000000,
    "netIncomeRatio": 0.3996508977,
    "eps": 3.94,
    "epsdiluted": 3.88,
    "weightedAverageShsOut": 2890000000,
    "weightedAverageShsOutDil": 2892924158,
    "link": "https://www.sec.gov/Archives/edgar/data/1326801/000132680121000014/0001326801-21-000014-index.htm",
    "finalLink": "https://www.sec.gov/Archives/edgar/data/1326801/000132680121000014/fb-20201231.htm"
  },
  {
    "date": "2020-09-30",
    "symbol": "META",
    "reportedCurrency": "USD",
    "cik": "0001326801",
    "fillingDate": "2020-10-30",
    "acceptedDate": "2020-10-29 21:29:56",
    "calendarYear": "2020",
    "period": "Q3",
    "revenue": 21470000000,
    "costOfRevenue": 4194000000,
    "grossProfit": 17276000000,
    "grossProfitRatio": 0.8046576619,
    "researchAndDevelopmentExpenses": 4763000000,
    "generalAndAdministrativeExpenses": 1790000000,
    "sellingAndMarketingExpenses": 2683000000,
    "sellingGeneralAndAdministrativeExpenses": 4473000000,
    "otherExpenses": -53000000,
    "operatingExpenses": 9236000000,
    "costAndExpenses": 13430000000,
    "interestIncome": 93000000,
    "interestExpense": 146000000,
    "depreciationAndAmortization": 1698000000,
    "ebitda": 9738000000,
    "ebitdaratio": 0.4535631113,
    "operatingIncome": 8040000000,
    "operatingIncomeRatio": 0.374476013,
    "totalOtherIncomeExpensesNet": 93000000,
    "incomeBeforeTax": 8133000000,
    "incomeBeforeTaxRatio": 0.3788076386,
    "incomeTaxExpense": 287000000,
    "netIncome": 7846000000,
    "netIncomeRatio": 0.365440149,
    "eps": 2.75,
    "epsdiluted": 2.71,
    "weightedAverageShsOut": 2891000000,
    "weightedAverageShsOutDil": 2895202952,
    "link": "https://www.sec.gov/Archives/edgar/data/1326801/000132680120000084/0001326801-20-000084-index.htm",
    "finalLink": "https://www.sec.gov/Archives/edgar/data/1326801/000132680120000084/fb-09302020x10q.htm"
  },
  {
    "date": "2020-06-30",
    "symbol": "META",
    "reportedCurrency": "USD",
    "cik": "0001326801",
    "fillingDate": "2020-07-31",
    "acceptedDate": "2020-07-31 16:17:44",
    "calendarYear": "2020",
    "period": "Q2",
    "revenue": 18687000000,
    "costOfRevenue": 3829000000,
    "grossProfit": 14858000000,
    "grossProfitRatio": 0.7950981966,
    "researchAndDevelopmentExpenses": 4462000000,
    "generalAndAdministrativeExpenses": 1593000000,
    "sellingAndMarketingExpenses": 2840000000,
    "sellingGeneralAndAdministrativeExpenses": 4433000000,
    "otherExpenses": 6000000,
    "operatingExpenses": 8895000000,
    "costAndExpenses": 12724000000,
    "interestIncome": 162000000,
    "interestExpense": 162000000,
    "depreciationAndAmortization": 1704000000,
    "ebitda": 7667000000,
    "ebitdaratio": 0.410285225,
    "operatingIncome": 5963000000,
    "operatingIncomeRatio": 0.3190988388,
    "totalOtherIncomeExpensesNet": 168000000,
    "incomeBeforeTax": 6131000000,
    "incomeBeforeTaxRatio": 0.3280890459,
    "incomeTaxExpense": 953000000,
    "netIncome": 5178000000,
    "netIncomeRatio": 0.2770910258,
    "eps": 1.82,
    "epsdiluted": 1.8,
    "weightedAverageShsOut": 2876666666,
    "weightedAverageShsOutDil": 2879000000,
    "link": "https://www.sec.gov/Archives/edgar/data/1326801/000132680120000076/0001326801-20-000076-index.htm",
    "finalLink": "https://www.sec.gov/Archives/edgar/data/1326801/000132680120000076/fb-06302020x10q.htm"
  },
  {
    "date": "2020-03-31",
    "symbol": "META",
    "reportedCurrency": "USD",
    "cik": "0001326801",
    "fillingDate": "2020-04-30",
    "acceptedDate": "2020-04-30 06:14:44",
    "calendarYear": "2020",
    "period": "Q1",
    "revenue": 17737000000,
    "costOfRevenue": 3459000000,
    "grossProfit": 14278000000,
    "grossProfitRatio": 0.8049839319,
    "researchAndDevelopmentExpenses": 4015000000,
    "generalAndAdministrativeExpenses": 1583000000,
    "sellingAndMarketingExpenses": 2787000000,
    "sellingGeneralAndAdministrativeExpenses": 4370000000,
    "otherExpenses": -260000000,
    "operatingExpenses": 8385000000,
    "costAndExpenses": 11844000000,
    "interestIncome": 228000000,
    "interestExpense": 228000000,
    "depreciationAndAmortization": 1597000000,
    "ebitda": 7490000000,
    "ebitdaratio": 0.4222811073,
    "operatingIncome": 5893000000,
    "operatingIncomeRatio": 0.3322433331,
    "totalOtherIncomeExpensesNet": -32000000,
    "incomeBeforeTax": 5861000000,
    "incomeBeforeTaxRatio": 0.3304391949,
    "incomeTaxExpense": 959000000,
    "netIncome": 4902000000,
    "netIncomeRatio": 0.276371427,
    "eps": 1.72,
    "epsdiluted": 1.71,
    "weightedAverageShsOut": 2866666666,
    "weightedAverageShsOutDil": 2868000000,
    "link": "https://www.sec.gov/Archives/edgar/data/1326801/000132680120000048/0001326801-20-000048-index.htm",
    "finalLink": "https://www.sec.gov/Archives/edgar/data/1326801/000132680120000048/fb-03312020x10q.htm"
  }
]