[
  {
    "date": "2024-12-31",
    "symbol": "CB",
    "reportedCurrency": "USD",
    "cik": "0000896159",
    "fillingDate": "2025-02-27",
    "acceptedDate": "2025-02-27 15:56:15",
    "calendarYear": "2024",
    "period": "FY",
    "revenue": 56010000000,
    "costOfRevenue": 0,
    "grossProfit": 56010000000,
    "grossProfitRatio": 1,
    "researchAndDevelopmentExpenses": 0,
    "generalAndAdministrativeExpenses": 4380000000,
    "sellingAndMarketingExpenses": 0,
    "sellingGeneralAndAdministrativeExpenses": 4380000000,
    "otherExpenses": 40175000000,
    "operatingExpenses": 44555000000,
    "costAndExpenses": 44555000000,
    "interestIncome": 0,
    "interestExpense": 741000000,
    "depreciationAndAmortization": 323000000,
    "ebitda": 12519000000,
    "ebitdaratio": 0.2235136583,
    "operatingIncome": 11455000000,
    "operatingIncomeRatio": 0.2045170505,
    "totalOtherIncomeExpensesNet": 0,
    "incomeBeforeTax": 11455000000,
    "incomeBeforeTaxRatio": 0.2045170505,
    "incomeTaxExpense": 1815000000,
    "netIncome": 9272000000,
    "netIncomeRatio": 0.1655418675,
    "eps": 22.94,
    "epsdiluted": 22.94,
    "weightedAverageShsOut": 404189749,
    "weightedAverageShsOutDil": 404189749,
    "link": "https://www.sec.gov/Archives/edgar/data/896159/000089615925000004/0000896159-25-000004-index.htm",
    "finalLink": "https://www.sec.gov/Archives/edgar/data/896159/000089615925000004/cb-20241231.htm"
  },
  {
    "date": "2023-12-31",
    "symbol": "CB",
    "reportedCurrency": "USD",
    "cik": "0000896159",
    "fillingDate": "2024-02-23",
    "acceptedDate": "2024-02-23 17:08:16",
    "calendarYear": "2023",
    "period": "FY",
    "revenue": 49826000000,
    "costOfRevenue": 0,
    "grossProfit": 49826000000,
    "grossProfitRatio": 1,
    "researchAndDevelopmentExpenses": 0,
    "generalAndAdministrativeExpenses": 4007000000,
    "sellingAndMarketingExpenses": 0,
    "sellingGeneralAndAdministrativeExpenses": 4007000000,
    "otherExpenses": 45819000000,
    "operatingExpenses": 49826000000,
    "costAndExpenses": 49826000000,
    "interestIncome": 0,
    "interestExpense": 672000000,
    "depreciationAndAmortization": 310000000,
    "ebitda": 10198000000,
    "ebitdaratio": 0.2046722595,
    "operatingIncome": 9386000000,
    "operatingIncomeRatio": 0.1883755469,
    "totalOtherIncomeExpensesNet": 140000000,
    "incomeBeforeTax": 9526000000,
    "incomeBeforeTaxRatio": 0.1911853249,
    "incomeTaxExpense": 511000000,
    "netIncome": 9028000000,
    "netIncomeRatio": 0.1811905431,
    "eps": 21.97,
    "epsdiluted": 21.8,
    "weightedAverageShsOut": 410845263,
    "weightedAverageShsOutDil": 414202568,
    "link": "https://www.sec.gov/Archives/edgar/data/896159/000089615924000003/0000896159-24-000003-index.htm",
    "finalLink": "https://www.sec.gov/Archives/edgar/data/896159/000089615924000003/cb-20231231.htm"
  },
  {
    "date": "2022-12-31",
    "symbol": "CB",
    "reportedCurrency": "USD",
    "cik": "0000896159",
    "fillingDate": "2023-02-24",
    "acceptedDate": "2023-02-24 15:47:16",
    "calendarYear": "2022",
    "period": "FY",
    "revenue": 43124000000,
    "costOfRevenue": 0,
    "grossProfit": 43124000000,
    "grossProfitRatio": 1,
    "researchAndDevelopmentExpenses": 0,
    "generalAndAdministrativeExpenses": 3395000000,
    "sellingAndMarketingExpenses": 0,
    "sellingGeneralAndAdministrativeExpenses": 3395000000,
    "otherExpenses": -39381000000,
    "operatingExpenses": -35986000000,
    "costAndExpenses": 36556000000,
    "interestIncome": 0,
    "interestExpense": 570000000,
    "depreciationAndAmortization": 285000000,
    "ebitda": 7340000000,
    "ebitdaratio": 0.1702068454,
    "operatingIncome": 7138000000,
    "operatingIncomeRatio": 0.1655226788,
    "totalOtherIncomeExpensesNet": -32932000000,
    "incomeBeforeTax": 6568000000,
    "incomeBeforeTaxRatio": 0.152304981,
    "incomeTaxExpense": 1255000000,
    "netIncome": 5246000000,
    "netIncomeRatio": 0.1216491977,
    "eps": 12.66,
    "epsdiluted": 12.55,
    "weightedAverageShsOut": 419779847,
    "weightedAverageShsOutDil": 423527444,
    "link": "https://www.sec.gov/Archives/edgar/data/896159/000089615923000007/0000896159-23-000007-index.htm",
    "finalLink": "https://www.sec.gov/Archives/edgar/data/896159/000089615923000007/cb-20221231.htm"
  },
  {
    "date": "2021-12-31",
    "symbol": "CB",
    "reportedCurrency": "USD",
    "cik": "0000896159",
    "fillingDate": "2022-02-24",
    "acceptedDate": "2022-02-24 17:10:38",
    "calendarYear": "2021",
    "period": "FY",
    "revenue": 40963000000,
    "costOfRevenue": 0,
    "grossProfit": 40963000000,
    "grossProfitRatio": 1,
    "researchAndDevelopmentExpenses": 0,
    "generalAndAdministrativeExpenses": 3136000000,
    "sellingAndMarketingExpenses": 0,
    "sellingGeneralAndAdministrativeExpenses": 3136000000,
    "otherExpenses": -34283000000,
    "operatingExpenses": -31147000000,
    "costAndExpenses": 31147000000,
    "interestIncome": 0,
    "interestExpense": 492000000,
    "depreciationAndAmortization": 287000000,
    "ebitda": 10573000000,
    "ebitdaratio": 0.2581109782,
    "operatingIncome": 9816000000,
    "operatingIncomeRatio": 0.2396308864,
    "totalOtherIncomeExpensesNet": 9794000000,
    "incomeBeforeTax": 9816000000,
    "incomeBeforeTaxRatio": 0.2396308864,
    "incomeTaxExpense": 1277000000,
    "netIncome": 8525000000,
    "netIncomeRatio": 0.20811464,
    "eps": 20.02,
    "epsdiluted": 19.27,
    "weightedAverageShsOut": 439968422,
    "weightedAverageShsOutDil": 443200000,
    "link": "https://www.sec.gov/Archives/edgar/data/896159/000089615922000005/0000896159-22-000005-index.htm",
    "finalLink": "https://www.sec.gov/Archives/edgar/data/896159/000089615922000005/cb-20211231.htm"
  },
  {
    "date": "2020-12-31",
    "symbol": "CB",
    "reportedCurrency": "USD",
    "cik": "0000896159",
    "fillingDate": "2021-02-25",
    "acceptedDate": "2021-02-25 16:51:27",
    "calendarYear": "2020",
    "period": "FY",
    "revenue": 35994000000,
    "costOfRevenue": 0,
    "grossProfit": 35994000000,
    "grossProfitRatio": 1,
    "researchAndDevelopmentExpenses": 0,
    "generalAndAdministrativeExpenses": 2979000000,
    "sellingAndMarketingExpenses": 99000000,
    "sellingGeneralAndAdministrativeExpenses": 2979000000,
    "otherExpenses": -34811000000,
    "operatingExpenses": -31832000000,
    "costAndExpenses": 31832000000,
    "interestIncome": 0,
    "interestExpense": 516000000,
    "depreciationAndAmortization": 290000000,
    "ebitda": 4968000000,
    "ebitdaratio": 0.1380230038,
    "operatingIncome": 4162000000,
    "operatingIncomeRatio": 0.1156303828,
    "totalOtherIncomeExpensesNet": 4162000000,
    "incomeBeforeTax": 4162000000,
    "incomeBeforeTaxRatio": 0.1156303828,
    "incomeTaxExpense": 629000000,
    "netIncome": 3533000000,
    "netIncomeRatio": 0.0981552481,
    "eps": 7.82,
    "epsdiluted": 7.79,
    "weightedAverageShsOut": 451602820,
    "weightedAverageShsOutDil": 453441512,
    "link": "https://www.sec.gov/Archives/edgar/data/896159/000089615921000003/0000896159-21-000003-index.htm",
    "finalLink": "https://www.sec.gov/Archives/edgar/data/896159/000089615921000003/cb-20201231.htm"
  },
  {
    "date": "2019-12-31",
    "symbol": "CB",
    "reportedCurrency": "USD",
    "cik": "0000896159",
    "fillingDate": "2020-02-27",
    "acceptedDate": "2020-02-27 14:44:51",
    "calendarYear": "2019",
    "period": "FY",
    "revenue": 34230000000,
    "costOfRevenue": 0,
    "grossProfit": 34230000000,
    "grossProfitRatio": 1,
    "researchAndDevelopmentExpenses": 0,
    "generalAndAdministrativeExpenses": 3030000000,
    "sellingAndMarketingExpenses": 109000000,
    "sellingGeneralAndAdministrativeExpenses": 3030000000,
    "otherExpenses": -32011000000,
    "operatingExpenses": -28981000000,
    "costAndExpenses": 28981000000,
    "interestIncome": 0,
    "interestExpense": 552000000,
    "depreciationAndAmortization": 305000000,
    "ebitda": 6106000000,
    "ebitdaratio": 0.1783815367,
    "operatingIncome": 5249000000,
    "operatingIncomeRatio": 0.153345019,
    "totalOtherIncomeExpensesNet": -25842000000,
    "incomeBeforeTax": 5249000000,
    "incomeBeforeTaxRatio": 0.153345019,
    "incomeTaxExpense": 795000000,
    "netIncome": 4454000000,
    "netIncomeRatio": 0.130119778,
    "eps": 9.77,
    "epsdiluted": 9.71,
    "weightedAverageShsOut": 455910463,
    "weightedAverageShsOutDil": 458914663,
    "link": "https://www.sec.gov/Archives/edgar/data/896159/000089615920000003/0000896159-20-000003-index.htm",
    "finalLink": "https://www.sec.gov/Archives/edgar/data/896159/000089615920000003/cb-12312019x10k.htm"
  },
  {
    "date": "2018-12-31",
    "symbol": "CB",
    "reportedCurrency": "USD",
    "cik": "0000896159",
    "fillingDate": "2019-02-28",
    "acceptedDate": "2019-02-28 17:28:33",
    "calendarYear": "2018",
    "period": "FY",
    "revenue": 32717000000,
    "costOfRevenue": 38000000,
    "grossProfit": 32679000000,
    "grossProfitRatio": 0.9988385243,
    "researchAndDevelopmentExpenses": 0,
    "generalAndAdministrativeExpenses": 2886000000,
    "sellingAndMarketingExpenses": 114000000,
    "sellingGeneralAndAdministrativeExpenses": 2886000000,
    "otherExpenses": 24474000000,
    "operatingExpenses": 27360000000,
    "costAndExpenses": 28060000000,
    "interestIncome": 0,
    "interestExpense": 641000000,
    "depreciationAndAmortization": 339000000,
    "ebitda": 5637000000,
    "ebitdaratio": 0.1722957484,
    "operatingIncome": 5298000000,
    "operatingIncomeRatio": 0.1619341627,
    "totalOtherIncomeExpensesNet": -25022000000,
    "incomeBeforeTax": 4657000000,
    "incomeBeforeTaxRatio": 0.1423419018,
    "incomeTaxExpense": 695000000,
    "netIncome": 3962000000,
    "netIncomeRatio": 0.1210991228,
    "eps": 8.55,
    "epsdiluted": 8.49,
    "weightedAverageShsOut": 463629203,
    "weightedAverageShsOutDil": 466802348,
    "link": "https://www.sec.gov/Archives/edgar/data/896159/000089615919000005/0000896159-19-000005-index.htm",
    "finalLink": "https://www.sec.gov/Archives/edgar/data/896159/000089615919000005/cb-12312018x10k.htm"
  },
  {
    "date": "2017-12-31",
    "symbol": "CB",
    "reportedCurrency": "USD",
    "cik": "0000896159",
    "fillingDate": "2018-02-23",
    "acceptedDate": "2018-02-23 15:38:08",
    "calendarYear": "2017",
    "period": "FY",
    "revenue": 32340000000,
    "costOfRevenue": 0,
    "grossProfit": 32340000000,
    "grossProfitRatio": 1,
    "researchAndDevelopmentExpenses": 0,
    "generalAndAdministrativeExpenses": 2833000000,
    "sellingAndMarketingExpenses": 116000000,
    "sellingGeneralAndAdministrativeExpenses": 2833000000,
    "otherExpenses": -8874000000,
    "operatingExpenses": 8874000000,
    "costAndExpenses": 28618000000,
    "interestIncome": 0,
    "interestExpense": 607000000,
    "depreciationAndAmortization": 260000000,
    "ebitda": 4589000000,
    "ebitdaratio": 0.1418985776,
    "operatingIncome": 3722000000,
    "operatingIncomeRatio": 0.1150896722,
    "totalOtherIncomeExpensesNet": -25669000000,
    "incomeBeforeTax": 3722000000,
    "incomeBeforeTaxRatio": 0.1150896722,
    "incomeTaxExpense": -139000000,
    "netIncome": 3861000000,
    "netIncomeRatio": 0.1193877551,
    "eps": 8.26,
    "epsdiluted": 8.19,
    "weightedAverageShsOut": 467145716,
    "weightedAverageShsOutDil": 471196901,
    "link": "https://www.sec.gov/Archives/edgar/data/896159/000089615918000002/0000896159-18-000002-index.htm",
    "finalLink": "https://www.sec.gov/Archives/edgar/data/896159/000089615918000002/cb-12312017x10k.htm"
  },
  {
    "date": "2016-12-31",
    "symbol": "CB",
    "reportedCurrency": "USD",
    "cik": "0000896159",
    "fillingDate": "2017-02-28",
    "acceptedDate": "2017-02-28 16:56:33",
    "calendarYear": "2016",
    "period": "FY",
    "revenue": 31469000000,
    "costOfRevenue": 0,
    "grossProfit": 31469000000,
    "grossProfitRatio": 1,
    "researchAndDevelopmentExpenses": 0,
    "generalAndAdministrativeExpenses": 3081000000,
    "sellingAndMarketingExpenses": 92000000,
    "sellingGeneralAndAdministrativeExpenses": 3081000000,
    "otherExpenses": -9004000000,
    "operatingExpenses": 9004000000,
    "costAndExpenses": 26519000000,
    "interestIncome": 0,
    "interestExpense": 605000000,
    "depreciationAndAmortization": 19000000,
    "ebitda": 5574000000,
    "ebitdaratio": 0.1771266961,
    "operatingIncome": 4950000000,
    "operatingIncomeRatio": 0.157297658,
    "totalOtherIncomeExpensesNet": -23267000000,
    "incomeBeforeTax": 4950000000,
    "incomeBeforeTaxRatio": 0.157297658,
    "incomeTaxExpense": 815000000,
    "netIncome": 4135000000,
    "netIncomeRatio": 0.1313991547,
    "eps": 8.94,
    "epsdiluted": 8.87,
    "weightedAverageShsOut": 462519789,
    "weightedAverageShsOutDil": 465949399,
    "link": "https://www.sec.gov/Archives/edgar/data/896159/000089615917000004/0000896159-17-000004-index.htm",
    "finalLink": "https://www.sec.gov/Archives/edgar/data/896159/000089615917000004/cb-12312016x10k.htm"
  },
  {
    "date": "2015-12-31",
    "symbol": "CB",
    "reportedCurrency": "USD",
    "cik": "0000896159",
    "fillingDate": "2016-02-26",
    "acceptedDate": "2016-02-26 17:40:22",
    "calendarYear": "2015",
    "period": "FY",
    "revenue": 18987000000,
    "costOfRevenue": 0,
    "grossProfit": 18987000000,
    "grossProfitRatio": 1,
    "researchAndDevelopmentExpenses": 0,
    "generalAndAdministrativeExpenses": 2270000000,
    "sellingAndMarketingExpenses": 78000000,
    "sellingGeneralAndAdministrativeExpenses": 2270000000,
    "otherExpenses": 0,
    "operatingExpenses": 15372000000,
    "costAndExpenses": 15691000000,
    "interestIncome": 0,
    "interestExpense": 300000000,
    "depreciationAndAmortization": 171000000,
    "ebitda": 3767000000,
    "ebitdaratio": 0.1983989045,
    "operatingIncome": 3296000000,
    "operatingIncomeRatio": 0.173592458,
    "totalOtherIncomeExpensesNet": -13324000000,
    "incomeBeforeTax": 3296000000,
    "incomeBeforeTaxRatio": 0.173592458,
    "incomeTaxExpense": 462000000,
    "netIncome": 2834000000,
    "netIncomeRatio": 0.14926002,
    "eps": 8.71,
    "epsdiluted": 8.62,
    "weightedAverageShsOut": 325589361,
    "weightedAverageShsOutDil": 328835378,
    "link": "https://www.sec.gov/Archives/edgar/data/896159/000089615916000027/0000896159-16-000027-index.htm",
    "finalLink": "https://www.sec.gov/Archives/edgar/data/896159/000089615916000027/cb-1231201510k.htm"
  }
]