[
  {
    "date": "2024-12-31",
    "symbol": "CB",
    "reportedCurrency": "USD",
    "cik": "0000896159",
    "fillingDate": "2025-02-27",
    "acceptedDate": "2025-02-27 15:56:15",
    "calendarYear": "2024",
    "period": "Q4",
    "revenue": 14278000000,
    "costOfRevenue": 0,
    "grossProfit": 14278000000,
    "grossProfitRatio": 1,
    "researchAndDevelopmentExpenses": 0,
    "generalAndAdministrativeExpenses": 1122000000,
    "sellingAndMarketingExpenses": 0,
    "sellingGeneralAndAdministrativeExpenses": 1122000000,
    "otherExpenses": 10037000000,
    "operatingExpenses": 11159000000,
    "costAndExpenses": 11159000000,
    "interestIncome": 22000000,
    "interestExpense": 189000000,
    "depreciationAndAmortization": 82000000,
    "ebitda": 3390000000,
    "ebitdaratio": 0.2374282112,
    "operatingIncome": 3119000000,
    "operatingIncomeRatio": 0.2184479619,
    "totalOtherIncomeExpensesNet": 0,
    "incomeBeforeTax": 3119000000,
    "incomeBeforeTaxRatio": 0.2184479619,
    "incomeTaxExpense": 479000000,
    "netIncome": 2575000000,
    "netIncomeRatio": 0.1803473876,
    "eps": 6.37,
    "epsdiluted": 6.37,
    "weightedAverageShsOut": 404189749,
    "weightedAverageShsOutDil": 404189749,
    "link": "https://www.sec.gov/Archives/edgar/data/896159/000089615925000004/0000896159-25-000004-index.htm",
    "finalLink": "https://www.sec.gov/Archives/edgar/data/896159/000089615925000004/cb-20241231.htm"
  },
  {
    "date": "2024-09-30",
    "symbol": "CB",
    "reportedCurrency": "USD",
    "cik": "0000896159",
    "fillingDate": "2024-10-30",
    "acceptedDate": "2024-10-30 13:30:51",
    "calendarYear": "2024",
    "period": "Q3",
    "revenue": 14849000000,
    "costOfRevenue": 0,
    "grossProfit": 14849000000,
    "grossProfitRatio": 1,
    "researchAndDevelopmentExpenses": 0,
    "generalAndAdministrativeExpenses": 1094000000,
    "sellingAndMarketingExpenses": 0,
    "sellingGeneralAndAdministrativeExpenses": 1094000000,
    "otherExpenses": 0,
    "operatingExpenses": 14872000000,
    "costAndExpenses": 14872000000,
    "interestIncome": 0,
    "interestExpense": 192000000,
    "depreciationAndAmortization": 0,
    "ebitda": 0,
    "ebitdaratio": 0,
    "operatingIncome": 2838000000,
    "operatingIncomeRatio": 0.1911239814,
    "totalOtherIncomeExpensesNet": 156000000,
    "incomeBeforeTax": 2994000000,
    "incomeBeforeTaxRatio": 0.2016297394,
    "incomeTaxExpense": 504000000,
    "netIncome": 2324000000,
    "netIncomeRatio": 0.1565088558,
    "eps": 5.75,
    "epsdiluted": 5.7,
    "weightedAverageShsOut": 403831412,
    "weightedAverageShsOutDil": 407878727,
    "link": "https://www.sec.gov/Archives/edgar/data/896159/000089615924000013/0000896159-24-000013-index.htm",
    "finalLink": "https://www.sec.gov/Archives/edgar/data/896159/000089615924000013/cb-20240930.htm"
  },
  {
    "date": "2024-06-30",
    "symbol": "CB",
    "reportedCurrency": "USD",
    "cik": "0000896159",
    "fillingDate": "2024-07-26",
    "acceptedDate": "2024-07-26 15:52:33",
    "calendarYear": "2024",
    "period": "Q2",
    "revenue": 13875000000,
    "costOfRevenue": 29000000,
    "grossProfit": 13846000000,
    "grossProfitRatio": 0.9979099099,
    "researchAndDevelopmentExpenses": 0,
    "generalAndAdministrativeExpenses": 1094000000,
    "sellingAndMarketingExpenses": 0,
    "sellingGeneralAndAdministrativeExpenses": 1094000000,
    "otherExpenses": -3429000000,
    "operatingExpenses": 3429000000,
    "costAndExpenses": -11079000000,
    "interestIncome": 0,
    "interestExpense": 182000000,
    "depreciationAndAmortization": 80000000,
    "ebitda": 2968000000,
    "ebitdaratio": 0.2139099099,
    "operatingIncome": 2774000000,
    "operatingIncomeRatio": 0.1999279279,
    "totalOtherIncomeExpensesNet": -10027000000,
    "incomeBeforeTax": 2706000000,
    "incomeBeforeTaxRatio": 0.195027027,
    "incomeTaxExpense": 490000000,
    "netIncome": 2230000000,
    "netIncomeRatio": 0.1607207207,
    "eps": 5.51,
    "epsdiluted": 5.46,
    "weightedAverageShsOut": 404615765,
    "weightedAverageShsOutDil": 408606667,
    "link": "https://www.sec.gov/Archives/edgar/data/896159/000089615924000010/0000896159-24-000010-index.htm",
    "finalLink": "https://www.sec.gov/Archives/edgar/data/896159/000089615924000010/cb-20240630.htm"
  },
  {
    "date": "2024-03-31",
    "symbol": "CB",
    "reportedCurrency": "USD",
    "cik": "0000896159",
    "fillingDate": "2024-04-26",
    "acceptedDate": "2024-04-26 14:53:38",
    "calendarYear": "2024",
    "period": "Q1",
    "revenue": 12883000000,
    "costOfRevenue": -11000000,
    "grossProfit": 12894000000,
    "grossProfitRatio": 1.0008538384,
    "researchAndDevelopmentExpenses": 0,
    "generalAndAdministrativeExpenses": 1070000000,
    "sellingAndMarketingExpenses": 0,
    "sellingGeneralAndAdministrativeExpenses": 1070000000,
    "otherExpenses": -3336000000,
    "operatingExpenses": 3336000000,
    "costAndExpenses": -10243000000,
    "interestIncome": 0,
    "interestExpense": 178000000,
    "depreciationAndAmortization": 80000000,
    "ebitda": 2894000000,
    "ebitdaratio": 0.2246371187,
    "operatingIncome": 2768000000,
    "operatingIncomeRatio": 0.214856788,
    "totalOtherIncomeExpensesNet": -9289000000,
    "incomeBeforeTax": 2636000000,
    "incomeBeforeTaxRatio": 0.2046107273,
    "incomeTaxExpense": 342000000,
    "netIncome": 2143000000,
    "netIncomeRatio": 0.166343243,
    "eps": 5.28,
    "epsdiluted": 5.23,
    "weightedAverageShsOut": 405662694,
    "weightedAverageShsOutDil": 409739635,
    "link": "https://www.sec.gov/Archives/edgar/data/896159/000089615924000006/0000896159-24-000006-index.htm",
    "finalLink": "https://www.sec.gov/Archives/edgar/data/896159/000089615924000006/cb-20240331.htm"
  },
  {
    "date": "2023-12-31",
    "symbol": "CB",
    "reportedCurrency": "USD",
    "cik": "0000896159",
    "fillingDate": "2024-02-23",
    "acceptedDate": "2024-02-23 17:08:16",
    "calendarYear": "2023",
    "period": "Q4",
    "revenue": 13260000000,
    "costOfRevenue": 0,
    "grossProfit": 13260000000,
    "grossProfitRatio": 1,
    "researchAndDevelopmentExpenses": 0,
    "generalAndAdministrativeExpenses": 1048000000,
    "sellingAndMarketingExpenses": 0,
    "sellingGeneralAndAdministrativeExpenses": 1048000000,
    "otherExpenses": -3249000000,
    "operatingExpenses": 3249000000,
    "costAndExpenses": -10475000000,
    "interestIncome": 0,
    "interestExpense": 173000000,
    "depreciationAndAmortization": 84000000,
    "ebitda": 2869000000,
    "ebitdaratio": 0.2163650075,
    "operatingIncome": 2588000000,
    "operatingIncomeRatio": 0.195173454,
    "totalOtherIncomeExpensesNet": -9386000000,
    "incomeBeforeTax": 2612000000,
    "incomeBeforeTaxRatio": 0.1969834087,
    "incomeTaxExpense": -678000000,
    "netIncome": 3300000000,
    "netIncomeRatio": 0.2488687783,
    "eps": 8.04,
    "epsdiluted": 8.04,
    "weightedAverageShsOut": 407200000,
    "weightedAverageShsOutDil": 410700000,
    "link": "https://www.sec.gov/Archives/edgar/data/896159/000089615924000003/0000896159-24-000003-index.htm",
    "finalLink": "https://www.sec.gov/Archives/edgar/data/896159/000089615924000003/cb-20231231.htm"
  },
  {
    "date": "2023-09-30",
    "symbol": "CB",
    "reportedCurrency": "USD",
    "cik": "0000896159",
    "fillingDate": "2023-11-01",
    "acceptedDate": "2023-11-01 16:14:17",
    "calendarYear": "2023",
    "period": "Q3",
    "revenue": 13872000000,
    "costOfRevenue": 0,
    "grossProfit": 13872000000,
    "grossProfitRatio": 1,
    "researchAndDevelopmentExpenses": 0,
    "generalAndAdministrativeExpenses": 1060000000,
    "sellingAndMarketingExpenses": 0,
    "sellingGeneralAndAdministrativeExpenses": 1060000000,
    "otherExpenses": -12447000000,
    "operatingExpenses": -11387000000,
    "costAndExpenses": 11727000000,
    "interestIncome": 0,
    "interestExpense": 174000000,
    "depreciationAndAmortization": 84000000,
    "ebitda": 2711000000,
    "ebitdaratio": 0.1954296424,
    "operatingIncome": 2485000000,
    "operatingIncomeRatio": 0.1791378316,
    "totalOtherIncomeExpensesNet": -10238000000,
    "incomeBeforeTax": 2145000000,
    "incomeBeforeTaxRatio": 0.1546280277,
    "incomeTaxExpense": 413000000,
    "netIncome": 2043000000,
    "netIncomeRatio": 0.1472750865,
    "eps": 5,
    "epsdiluted": 4.95,
    "weightedAverageShsOut": 409505454,
    "weightedAverageShsOutDil": 412600000,
    "link": "https://www.sec.gov/Archives/edgar/data/896159/000089615923000016/0000896159-23-000016-index.htm",
    "finalLink": "https://www.sec.gov/Archives/edgar/data/896159/000089615923000016/cb-20230930.htm"
  },
  {
    "date": "2023-06-30",
    "symbol": "CB",
    "reportedCurrency": "USD",
    "cik": "0000896159",
    "fillingDate": "2023-07-28",
    "acceptedDate": "2023-07-28 14:46:32",
    "calendarYear": "2023",
    "period": "Q2",
    "revenue": 11845000000,
    "costOfRevenue": 0,
    "grossProfit": 11845000000,
    "grossProfitRatio": 1,
    "researchAndDevelopmentExpenses": 0,
    "generalAndAdministrativeExpenses": 969000000,
    "sellingAndMarketingExpenses": 0,
    "sellingGeneralAndAdministrativeExpenses": 969000000,
    "otherExpenses": -10622000000,
    "operatingExpenses": -9653000000,
    "costAndExpenses": 9860000000,
    "interestIncome": 0,
    "interestExpense": 165000000,
    "depreciationAndAmortization": 70000000,
    "ebitda": 2420000000,
    "ebitdaratio": 0.2043056142,
    "operatingIncome": 2192000000,
    "operatingIncomeRatio": 0.1850569861,
    "totalOtherIncomeExpensesNet": -8845000000,
    "incomeBeforeTax": 1985000000,
    "incomeBeforeTaxRatio": 0.1675812579,
    "incomeTaxExpense": 392000000,
    "netIncome": 1793000000,
    "netIncomeRatio": 0.1513718869,
    "eps": 4.37,
    "epsdiluted": 4.32,
    "weightedAverageShsOut": 412487400,
    "weightedAverageShsOutDil": 415600000,
    "link": "https://www.sec.gov/Archives/edgar/data/896159/000089615923000013/0000896159-23-000013-index.htm",
    "finalLink": "https://www.sec.gov/Archives/edgar/data/896159/000089615923000013/cb-20230630.htm"
  },
  {
    "date": "2023-03-31",
    "symbol": "CB",
    "reportedCurrency": "USD",
    "cik": "0000896159",
    "fillingDate": "2023-05-02",
    "acceptedDate": "2023-05-02 17:21:49",
    "calendarYear": "2023",
    "period": "Q1",
    "revenue": 11197000000,
    "costOfRevenue": 0,
    "grossProfit": 11197000000,
    "grossProfitRatio": 1,
    "researchAndDevelopmentExpenses": 0,
    "generalAndAdministrativeExpenses": 930000000,
    "sellingAndMarketingExpenses": 0,
    "sellingGeneralAndAdministrativeExpenses": 930000000,
    "otherExpenses": -10699000000,
    "operatingExpenses": -9769000000,
    "costAndExpenses": 9283000000,
    "interestIncome": 0,
    "interestExpense": 160000000,
    "depreciationAndAmortization": 72000000,
    "ebitda": 2508000000,
    "ebitdaratio": 0.2239885684,
    "operatingIncome": 1579000000,
    "operatingIncomeRatio": 0.141019916,
    "totalOtherIncomeExpensesNet": -7693000000,
    "incomeBeforeTax": 1914000000,
    "incomeBeforeTaxRatio": 0.1709386443,
    "incomeTaxExpense": 384000000,
    "netIncome": 1892000000,
    "netIncomeRatio": 0.1689738323,
    "eps": 4.57,
    "epsdiluted": 4.53,
    "weightedAverageShsOut": 414289150,
    "weightedAverageShsOutDil": 417900000,
    "link": "https://www.sec.gov/Archives/edgar/data/896159/000089615923000010/0000896159-23-000010-index.htm",
    "finalLink": "https://www.sec.gov/Archives/edgar/data/896159/000089615923000010/cb-20230331.htm"
  },
  {
    "date": "2022-12-31",
    "symbol": "CB",
    "reportedCurrency": "USD",
    "cik": "0000896159",
    "fillingDate": "2023-02-24",
    "acceptedDate": "2023-02-24 15:47:16",
    "calendarYear": "2022",
    "period": "Q4",
    "revenue": 11500000000,
    "costOfRevenue": 0,
    "grossProfit": 11500000000,
    "grossProfitRatio": 1,
    "researchAndDevelopmentExpenses": 0,
    "generalAndAdministrativeExpenses": 916000000,
    "sellingAndMarketingExpenses": 0,
    "sellingGeneralAndAdministrativeExpenses": 916000000,
    "otherExpenses": -10608000000,
    "operatingExpenses": -9692000000,
    "costAndExpenses": 9846000000,
    "interestIncome": 0,
    "interestExpense": 154000000,
    "depreciationAndAmortization": 74000000,
    "ebitda": 1882000000,
    "ebitdaratio": 0.1636521739,
    "operatingIncome": 1808000000,
    "operatingIncomeRatio": 0.1572173913,
    "totalOtherIncomeExpensesNet": -345000000,
    "incomeBeforeTax": 1654000000,
    "incomeBeforeTaxRatio": 0.143826087,
    "incomeTaxExpense": 342000000,
    "netIncome": 1312000000,
    "netIncomeRatio": 0.1140869565,
    "eps": 3.16,
    "epsdiluted": 3.13,
    "weightedAverageShsOut": 414594856,
    "weightedAverageShsOutDil": 418900000,
    "link": "https://www.sec.gov/Archives/edgar/data/896159/000089615923000007/0000896159-23-000007-index.htm",
    "finalLink": "https://www.sec.gov/Archives/edgar/data/896159/000089615923000007/cb-20221231.htm"
  },
  {
    "date": "2022-09-30",
    "symbol": "CB",
    "reportedCurrency": "USD",
    "cik": "0000896159",
    "fillingDate": "2022-10-28",
    "acceptedDate": "2022-10-28 16:08:42",
    "calendarYear": "2022",
    "period": "Q3",
    "revenue": 12082000000,
    "costOfRevenue": 0,
    "grossProfit": 12082000000,
    "grossProfitRatio": 1,
    "researchAndDevelopmentExpenses": 0,
    "generalAndAdministrativeExpenses": 883000000,
    "sellingAndMarketingExpenses": 0,
    "sellingGeneralAndAdministrativeExpenses": 883000000,
    "otherExpenses": 325000000,
    "operatingExpenses": 1208000000,
    "costAndExpenses": 11005000000,
    "interestIncome": 0,
    "interestExpense": 150000000,
    "depreciationAndAmortization": 69000000,
    "ebitda": 1274000000,
    "ebitdaratio": 0.1054461182,
    "operatingIncome": 1227000000,
    "operatingIncomeRatio": 0.1015560338,
    "totalOtherIncomeExpensesNet": 1055000000,
    "incomeBeforeTax": 1077000000,
    "incomeBeforeTaxRatio": 0.0891408707,
    "incomeTaxExpense": 265000000,
    "netIncome": 812000000,
    "netIncomeRatio": 0.067207416,
    "eps": 1.95,
    "epsdiluted": 1.94,
    "weightedAverageShsOut": 416542101,
    "weightedAverageShsOutDil": 419618956,
    "link": "https://www.sec.gov/Archives/edgar/data/896159/000089615922000014/0000896159-22-000014-index.htm",
    "finalLink": "https://www.sec.gov/Archives/edgar/data/896159/000089615922000014/cb-20220930.htm"
  },
  {
    "date": "2022-06-30",
    "symbol": "CB",
    "reportedCurrency": "USD",
    "cik": "0000896159",
    "fillingDate": "2022-07-29",
    "acceptedDate": "2022-07-29 14:16:03",
    "calendarYear": "2022",
    "period": "Q2",
    "revenue": 9923000000,
    "costOfRevenue": 0,
    "grossProfit": 9923000000,
    "grossProfitRatio": 1,
    "researchAndDevelopmentExpenses": 0,
    "generalAndAdministrativeExpenses": 818000000,
    "sellingAndMarketingExpenses": 0,
    "sellingGeneralAndAdministrativeExpenses": 818000000,
    "otherExpenses": -9099000000,
    "operatingExpenses": -8281000000,
    "costAndExpenses": 8415000000,
    "interestIncome": 0,
    "interestExpense": 134000000,
    "depreciationAndAmortization": 71000000,
    "ebitda": 1686000000,
    "ebitdaratio": 0.1699082939,
    "operatingIncome": 1642000000,
    "operatingIncomeRatio": 0.165474151,
    "totalOtherIncomeExpensesNet": 1481000000,
    "incomeBeforeTax": 1508000000,
    "incomeBeforeTaxRatio": 0.1519701703,
    "incomeTaxExpense": 293000000,
    "netIncome": 1215000000,
    "netIncomeRatio": 0.1224428096,
    "eps": 2.88,
    "epsdiluted": 2.86,
    "weightedAverageShsOut": 421624660,
    "weightedAverageShsOutDil": 425418346,
    "link": "https://www.sec.gov/Archives/edgar/data/896159/000089615922000011/0000896159-22-000011-index.htm",
    "finalLink": "https://www.sec.gov/Archives/edgar/data/896159/000089615922000011/cb-20220630.htm"
  },
  {
    "date": "2022-03-31",
    "symbol": "CB",
    "reportedCurrency": "USD",
    "cik": "0000896159",
    "fillingDate": "2022-04-29",
    "acceptedDate": "2022-04-29 13:41:49",
    "calendarYear": "2022",
    "period": "Q1",
    "revenue": 9638000000,
    "costOfRevenue": 0,
    "grossProfit": 9638000000,
    "grossProfitRatio": 1,
    "researchAndDevelopmentExpenses": 0,
    "generalAndAdministrativeExpenses": 778000000,
    "sellingAndMarketingExpenses": 0,
    "sellingGeneralAndAdministrativeExpenses": 778000000,
    "otherExpenses": -7955000000,
    "operatingExpenses": -7177000000,
    "costAndExpenses": 7309000000,
    "interestIncome": 0,
    "interestExpense": 132000000,
    "depreciationAndAmortization": 71000000,
    "ebitda": 2509000000,
    "ebitdaratio": 0.2603237186,
    "operatingIncome": 2461000000,
    "operatingIncomeRatio": 0.2553434322,
    "totalOtherIncomeExpensesNet": 2306000000,
    "incomeBeforeTax": 2329000000,
    "incomeBeforeTaxRatio": 0.2416476447,
    "incomeTaxExpense": 355000000,
    "netIncome": 1974000000,
    "netIncomeRatio": 0.2048142768,
    "eps": 4.64,
    "epsdiluted": 4.59,
    "weightedAverageShsOut": 425805105,
    "weightedAverageShsOutDil": 429790834,
    "link": "https://www.sec.gov/Archives/edgar/data/896159/000089615922000008/0000896159-22-000008-index.htm",
    "finalLink": "https://www.sec.gov/Archives/edgar/data/896159/000089615922000008/cb-20220331.htm"
  },
  {
    "date": "2021-12-31",
    "symbol": "CB",
    "reportedCurrency": "USD",
    "cik": "0000896159",
    "fillingDate": "2022-02-24",
    "acceptedDate": "2022-02-24 17:10:38",
    "calendarYear": "2021",
    "period": "Q4",
    "revenue": 10483000000,
    "costOfRevenue": 3000000,
    "grossProfit": 10480000000,
    "grossProfitRatio": 0.9997138224,
    "researchAndDevelopmentExpenses": 0,
    "generalAndAdministrativeExpenses": 811000000,
    "sellingAndMarketingExpenses": 85000000,
    "sellingGeneralAndAdministrativeExpenses": 811000000,
    "otherExpenses": -8620000000,
    "operatingExpenses": -7809000000,
    "costAndExpenses": 7938000000,
    "interestIncome": 0,
    "interestExpense": 126000000,
    "depreciationAndAmortization": 71000000,
    "ebitda": 2742000000,
    "ebitdaratio": 0.2615663455,
    "operatingIncome": 2671000000,
    "operatingIncomeRatio": 0.2547934752,
    "totalOtherIncomeExpensesNet": -6776000000,
    "incomeBeforeTax": 2545000000,
    "incomeBeforeTaxRatio": 0.2427740151,
    "incomeTaxExpense": 404000000,
    "netIncome": 2141000000,
    "netIncomeRatio": 0.2042354288,
    "eps": 5.02,
    "epsdiluted": 4.95,
    "weightedAverageShsOut": 426572612,
    "weightedAverageShsOutDil": 432800000,
    "link": "https://www.sec.gov/Archives/edgar/data/896159/000089615922000005/0000896159-22-000005-index.htm",
    "finalLink": "https://www.sec.gov/Archives/edgar/data/896159/000089615922000005/cb-20211231.htm"
  },
  {
    "date": "2021-09-30",
    "symbol": "CB",
    "reportedCurrency": "USD",
    "cik": "0000896159",
    "fillingDate": "2021-10-28",
    "acceptedDate": "2021-10-28 09:59:06",
    "calendarYear": "2021",
    "period": "Q3",
    "revenue": 10845000000,
    "costOfRevenue": 24000000,
    "grossProfit": 10821000000,
    "grossProfitRatio": 0.9977869986,
    "researchAndDevelopmentExpenses": 0,
    "generalAndAdministrativeExpenses": 806000000,
    "sellingAndMarketingExpenses": 0,
    "sellingGeneralAndAdministrativeExpenses": 806000000,
    "otherExpenses": -9454000000,
    "operatingExpenses": -8648000000,
    "costAndExpenses": 8794000000,
    "interestIncome": 0,
    "interestExpense": 122000000,
    "depreciationAndAmortization": 71000000,
    "ebitda": 2244000000,
    "ebitdaratio": 0.2069156293,
    "operatingIncome": 2173000000,
    "operatingIncomeRatio": 0.2003688336,
    "totalOtherIncomeExpensesNet": -7858000000,
    "incomeBeforeTax": 2051000000,
    "incomeBeforeTaxRatio": 0.1891194099,
    "incomeTaxExpense": 218000000,
    "netIncome": 1833000000,
    "netIncomeRatio": 0.1690179806,
    "eps": 4.21,
    "epsdiluted": 4.18,
    "weightedAverageShsOut": 435318088,
    "weightedAverageShsOutDil": 438441638,
    "link": "https://www.sec.gov/Archives/edgar/data/896159/000089615921000013/0000896159-21-000013-index.htm",
    "finalLink": "https://www.sec.gov/Archives/edgar/data/896159/000089615921000013/cb-20210930.htm"
  },
  {
    "date": "2021-06-30",
    "symbol": "CB",
    "reportedCurrency": "USD",
    "cik": "0000896159",
    "fillingDate": "2021-07-29",
    "acceptedDate": "2021-07-29 16:57:50",
    "calendarYear": "2021",
    "period": "Q2",
    "revenue": 9664000000,
    "costOfRevenue": 0,
    "grossProfit": 9664000000,
    "grossProfitRatio": 1,
    "researchAndDevelopmentExpenses": 0,
    "generalAndAdministrativeExpenses": 775000000,
    "sellingAndMarketingExpenses": 0,
    "sellingGeneralAndAdministrativeExpenses": 775000000,
    "otherExpenses": -7750000000,
    "operatingExpenses": -6975000000,
    "costAndExpenses": 8636000000,
    "interestIncome": 0,
    "interestExpense": 122000000,
    "depreciationAndAmortization": 73000000,
    "ebitda": 2777000000,
    "ebitdaratio": 0.2873551325,
    "operatingIncome": 2704000000,
    "operatingIncomeRatio": 0.2798013245,
    "totalOtherIncomeExpensesNet": -6343000000,
    "incomeBeforeTax": 1028000000,
    "incomeBeforeTaxRatio": 0.1063741722,
    "incomeTaxExpense": 317000000,
    "netIncome": 2265000000,
    "netIncomeRatio": 0.234375,
    "eps": 5.09,
    "epsdiluted": 5.06,
    "weightedAverageShsOut": 445094678,
    "weightedAverageShsOutDil": 447951920,
    "link": "https://www.sec.gov/Archives/edgar/data/896159/000089615921000009/0000896159-21-000009-index.htm",
    "finalLink": "https://www.sec.gov/Archives/edgar/data/896159/000089615921000009/cb-20210630.htm"
  },
  {
    "date": "2021-03-31",
    "symbol": "CB",
    "reportedCurrency": "USD",
    "cik": "0000896159",
    "fillingDate": "2021-04-30",
    "acceptedDate": "2021-04-30 13:12:56",
    "calendarYear": "2021",
    "period": "Q1",
    "revenue": 9971000000,
    "costOfRevenue": 0,
    "grossProfit": 9971000000,
    "grossProfitRatio": 1,
    "researchAndDevelopmentExpenses": 0,
    "generalAndAdministrativeExpenses": 744000000,
    "sellingAndMarketingExpenses": 0,
    "sellingGeneralAndAdministrativeExpenses": 744000000,
    "otherExpenses": -7959000000,
    "operatingExpenses": -7215000000,
    "costAndExpenses": 8313000000,
    "interestIncome": 0,
    "interestExpense": 122000000,
    "depreciationAndAmortization": 72000000,
    "ebitda": 2832000000,
    "ebitdaratio": 0.2840236686,
    "operatingIncome": 2760000000,
    "operatingIncomeRatio": 0.2768027279,
    "totalOtherIncomeExpensesNet": -6593000000,
    "incomeBeforeTax": 1658000000,
    "incomeBeforeTaxRatio": 0.1662822184,
    "incomeTaxExpense": 338000000,
    "netIncome": 2300000000,
    "netIncomeRatio": 0.2306689399,
    "eps": 5.1,
    "epsdiluted": 5.07,
    "weightedAverageShsOut": 450539568,
    "weightedAverageShsOutDil": 453335539,
    "link": "https://www.sec.gov/Archives/edgar/data/896159/000089615921000006/0000896159-21-000006-index.htm",
    "finalLink": "https://www.sec.gov/Archives/edgar/data/896159/000089615921000006/cb-20210331.htm"
  },
  {
    "date": "2020-12-31",
    "symbol": "CB",
    "reportedCurrency": "USD",
    "cik": "0000896159",
    "fillingDate": "2021-02-25",
    "acceptedDate": "2021-02-25 16:51:27",
    "calendarYear": "2020",
    "period": "Q4",
    "revenue": 9848000000,
    "costOfRevenue": -50000000,
    "grossProfit": 9898000000,
    "grossProfitRatio": 1.005077173,
    "researchAndDevelopmentExpenses": 0,
    "generalAndAdministrativeExpenses": 778000000,
    "sellingAndMarketingExpenses": 99000000,
    "sellingGeneralAndAdministrativeExpenses": 778000000,
    "otherExpenses": -7798000000,
    "operatingExpenses": -7020000000,
    "costAndExpenses": 7096000000,
    "interestIncome": 0,
    "interestExpense": 126000000,
    "depreciationAndAmortization": 73000000,
    "ebitda": 2951000000,
    "ebitdaratio": 0.2996547522,
    "operatingIncome": 2878000000,
    "operatingIncomeRatio": 0.2922420796,
    "totalOtherIncomeExpensesNet": -6269000000,
    "incomeBeforeTax": 2752000000,
    "incomeBeforeTaxRatio": 0.2794476036,
    "incomeTaxExpense": 334000000,
    "netIncome": 2418000000,
    "netIncomeRatio": 0.2455320877,
    "eps": 5.36,
    "epsdiluted": 5.34,
    "weightedAverageShsOut": 450732625,
    "weightedAverageShsOutDil": 453300000,
    "link": "https://www.sec.gov/Archives/edgar/data/896159/000089615921000003/0000896159-21-000003-index.htm",
    "finalLink": "https://www.sec.gov/Archives/edgar/data/896159/000089615921000003/cb-20201231.htm"
  },
  {
    "date": "2020-09-30",
    "symbol": "CB",
    "reportedCurrency": "USD",
    "cik": "0000896159",
    "fillingDate": "2020-10-30",
    "acceptedDate": "2020-10-30 13:04:59",
    "calendarYear": "2020",
    "period": "Q3",
    "revenue": 9464000000,
    "costOfRevenue": -24000000,
    "grossProfit": 9488000000,
    "grossProfitRatio": 1.0025359256,
    "researchAndDevelopmentExpenses": 0,
    "generalAndAdministrativeExpenses": 733000000,
    "sellingAndMarketingExpenses": 0,
    "sellingGeneralAndAdministrativeExpenses": 733000000,
    "otherExpenses": -8755000000,
    "operatingExpenses": -8022000000,
    "costAndExpenses": 8128000000,
    "interestIncome": 0,
    "interestExpense": 130000000,
    "depreciationAndAmortization": 72000000,
    "ebitda": 1538000000,
    "ebitdaratio": 0.1625105664,
    "operatingIncome": 1466000000,
    "operatingIncomeRatio": 0.1549027895,
    "totalOtherIncomeExpensesNet": -7419000000,
    "incomeBeforeTax": 1336000000,
    "incomeBeforeTaxRatio": 0.1411665258,
    "incomeTaxExpense": 142000000,
    "netIncome": 1194000000,
    "netIncomeRatio": 0.1261622992,
    "eps": 2.64,
    "epsdiluted": 2.63,
    "weightedAverageShsOut": 451794046,
    "weightedAverageShsOutDil": 453265480,
    "link": "https://www.sec.gov/Archives/edgar/data/896159/000089615920000014/0000896159-20-000014-index.htm",
    "finalLink": "https://www.sec.gov/Archives/edgar/data/896159/000089615920000014/cb-20200930.htm"
  },
  {
    "date": "2020-06-30",
    "symbol": "CB",
    "reportedCurrency": "USD",
    "cik": "0000896159",
    "fillingDate": "2020-07-31",
    "acceptedDate": "2020-07-31 09:05:25",
    "calendarYear": "2020",
    "period": "Q2",
    "revenue": 8985000000,
    "costOfRevenue": 0,
    "grossProfit": 8985000000,
    "grossProfitRatio": 1,
    "researchAndDevelopmentExpenses": 0,
    "generalAndAdministrativeExpenses": 727000000,
    "sellingAndMarketingExpenses": 0,
    "sellingGeneralAndAdministrativeExpenses": 727000000,
    "otherExpenses": -10017000000,
    "operatingExpenses": -9290000000,
    "costAndExpenses": 9378000000,
    "interestIncome": 0,
    "interestExpense": 128000000,
    "depreciationAndAmortization": 72000000,
    "ebitda": -193000000,
    "ebitdaratio": -0.0214802449,
    "operatingIncome": -265000000,
    "operatingIncomeRatio": -0.0294936004,
    "totalOtherIncomeExpensesNet": -393000000,
    "incomeBeforeTax": -393000000,
    "incomeBeforeTaxRatio": -0.0437395659,
    "incomeTaxExpense": -62000000,
    "netIncome": -331000000,
    "netIncomeRatio": -0.0368391764,
    "eps": -0.73,
    "epsdiluted": -0.73,
    "weightedAverageShsOut": 451402807,
    "weightedAverageShsOutDil": 451402807,
    "link": "https://www.sec.gov/Archives/edgar/data/896159/000089615920000010/0000896159-20-000010-index.htm",
    "finalLink": "https://www.sec.gov/Archives/edgar/data/896159/000089615920000010/cb-20200630.htm"
  },
  {
    "date": "2020-03-31",
    "symbol": "CB",
    "reportedCurrency": "USD",
    "cik": "0000896159",
    "fillingDate": "2020-04-29",
    "acceptedDate": "2020-04-29 16:54:19",
    "calendarYear": "2020",
    "period": "Q1",
    "revenue": 7697000000,
    "costOfRevenue": 56000000,
    "grossProfit": 7641000000,
    "grossProfitRatio": 0.9927244381,
    "researchAndDevelopmentExpenses": 0,
    "generalAndAdministrativeExpenses": 741000000,
    "sellingAndMarketingExpenses": 0,
    "sellingGeneralAndAdministrativeExpenses": 741000000,
    "otherExpenses": -7783000000,
    "operatingExpenses": -7042000000,
    "costAndExpenses": 7230000000,
    "interestIncome": 0,
    "interestExpense": 132000000,
    "depreciationAndAmortization": 73000000,
    "ebitda": 672000000,
    "ebitdaratio": 0.0873067429,
    "operatingIncome": 599000000,
    "operatingIncomeRatio": 0.0778225283,
    "totalOtherIncomeExpensesNet": -6433000000,
    "incomeBeforeTax": 467000000,
    "incomeBeforeTaxRatio": 0.0606729895,
    "incomeTaxExpense": 215000000,
    "netIncome": 252000000,
    "netIncomeRatio": 0.0327400286,
    "eps": 0.56,
    "epsdiluted": 0.55,
    "weightedAverageShsOut": 451868658,
    "weightedAverageShsOutDil": 454520268,
    "link": "https://www.sec.gov/Archives/edgar/data/896159/000089615920000006/0000896159-20-000006-index.htm",
    "finalLink": "https://www.sec.gov/Archives/edgar/data/896159/000089615920000006/cb-3312020x10q.htm"
  }
]