[
  {
    "date": "2024-12-31",
    "symbol": "IBM",
    "reportedCurrency": "USD",
    "cik": "0000051143",
    "fillingDate": "2025-02-25",
    "acceptedDate": "2025-02-25 16:12:45",
    "calendarYear": "2024",
    "period": "Q4",
    "revenue": 17553000000,
    "costOfRevenue": 7114000000,
    "grossProfit": 10439000000,
    "grossProfitRatio": 0.5947131544,
    "researchAndDevelopmentExpenses": 1967000000,
    "generalAndAdministrativeExpenses": 0,
    "sellingAndMarketingExpenses": 0,
    "sellingGeneralAndAdministrativeExpenses": 4933000000,
    "otherExpenses": 0,
    "operatingExpenses": 6538000000,
    "costAndExpenses": 13652000000,
    "interestIncome": 150000000,
    "interestExpense": 424000000,
    "depreciationAndAmortization": 1113000000,
    "ebitda": 4843000000,
    "ebitdaratio": 0.2759072523,
    "operatingIncome": 3901000000,
    "operatingIncomeRatio": 0.2222412123,
    "totalOtherIncomeExpensesNet": -595000000,
    "incomeBeforeTax": 3306000000,
    "incomeBeforeTaxRatio": 0.1883438728,
    "incomeTaxExpense": 379000000,
    "netIncome": 2915000000,
    "netIncomeRatio": 0.1660684783,
    "eps": 3.11,
    "epsdiluted": 3.09,
    "weightedAverageShsOut": 926000000,
    "weightedAverageShsOutDil": 942400000,
    "link": "https://www.sec.gov/Archives/edgar/data/51143/000005114325000015/0000051143-25-000015-index.htm",
    "finalLink": "https://www.sec.gov/Archives/edgar/data/51143/000005114325000015/ibm-20241231.htm"
  },
  {
    "date": "2024-09-30",
    "symbol": "IBM",
    "reportedCurrency": "USD",
    "cik": "0000051143",
    "fillingDate": "2024-10-30",
    "acceptedDate": "2024-10-30 16:09:22",
    "calendarYear": "2024",
    "period": "Q3",
    "revenue": 14967000000,
    "costOfRevenue": 6548000000,
    "grossProfit": 8420000000,
    "grossProfitRatio": 0.5625709895,
    "researchAndDevelopmentExpenses": 1876000000,
    "generalAndAdministrativeExpenses": 4338000000,
    "sellingAndMarketingExpenses": 279000000,
    "sellingGeneralAndAdministrativeExpenses": 4617000000,
    "otherExpenses": 1926000000,
    "operatingExpenses": 8419000000,
    "costAndExpenses": 14967000000,
    "interestIncome": 170000000,
    "interestExpense": 429000000,
    "depreciationAndAmortization": 1268000000,
    "ebitda": 895000000,
    "ebitdaratio": 0.0597982228,
    "operatingIncome": 0,
    "operatingIncomeRatio": 0,
    "totalOtherIncomeExpensesNet": -802000000,
    "incomeBeforeTax": -802000000,
    "incomeBeforeTaxRatio": -0.0535845527,
    "incomeTaxExpense": -485000000,
    "netIncome": -330000000,
    "netIncomeRatio": -0.0220485067,
    "eps": -0.36,
    "epsdiluted": -0.35,
    "weightedAverageShsOut": 920300000,
    "weightedAverageShsOutDil": 935400000,
    "link": "https://www.sec.gov/Archives/edgar/data/51143/000005114324000049/0000051143-24-000049-index.htm",
    "finalLink": "https://www.sec.gov/Archives/edgar/data/51143/000005114324000049/ibm-20240930.htm"
  },
  {
    "date": "2024-06-30",
    "symbol": "IBM",
    "reportedCurrency": "USD",
    "cik": "0000051143",
    "fillingDate": "2024-07-30",
    "acceptedDate": "2024-07-30 06:38:17",
    "calendarYear": "2024",
    "period": "Q2",
    "revenue": 15769000000,
    "costOfRevenue": 6820000000,
    "grossProfit": 8950000000,
    "grossProfitRatio": 0.5675692815,
    "researchAndDevelopmentExpenses": 1840000000,
    "generalAndAdministrativeExpenses": 4313000000,
    "sellingAndMarketingExpenses": 354000000,
    "sellingGeneralAndAdministrativeExpenses": 4667000000,
    "otherExpenses": 2442000000,
    "operatingExpenses": 8949000000,
    "costAndExpenses": 15769000000,
    "interestIncome": 217000000,
    "interestExpense": 427000000,
    "depreciationAndAmortization": 1155000000,
    "ebitda": 3801000000,
    "ebitdaratio": 0.2410425518,
    "operatingIncome": 0,
    "operatingIncomeRatio": 0,
    "totalOtherIncomeExpensesNet": 2219000000,
    "incomeBeforeTax": 2219000000,
    "incomeBeforeTaxRatio": 0.1407191325,
    "incomeTaxExpense": 389000000,
    "netIncome": 1834000000,
    "netIncomeRatio": 0.116304141,
    "eps": 1.99,
    "epsdiluted": 1.96,
    "weightedAverageShsOut": 920287541,
    "weightedAverageShsOutDil": 934397595,
    "link": "https://www.sec.gov/Archives/edgar/data/51143/000005114324000039/0000051143-24-000039-index.htm",
    "finalLink": "https://www.sec.gov/Archives/edgar/data/51143/000005114324000039/ibm-20240630.htm"
  },
  {
    "date": "2024-03-31",
    "symbol": "IBM",
    "reportedCurrency": "USD",
    "cik": "0000051143",
    "fillingDate": "2024-04-30",
    "acceptedDate": "2024-04-30 11:00:50",
    "calendarYear": "2024",
    "period": "Q1",
    "revenue": 14461000000,
    "costOfRevenue": 6719000000,
    "grossProfit": 7742000000,
    "grossProfitRatio": 0.5353709979,
    "researchAndDevelopmentExpenses": 1796000000,
    "generalAndAdministrativeExpenses": 4461000000,
    "sellingAndMarketingExpenses": 279000000,
    "sellingGeneralAndAdministrativeExpenses": 4740000000,
    "otherExpenses": 1206000000,
    "operatingExpenses": 7742000000,
    "costAndExpenses": 14461000000,
    "interestIncome": 210000000,
    "interestExpense": 432000000,
    "depreciationAndAmortization": 1131000000,
    "ebitda": 2637000000,
    "ebitdaratio": 0.1823525344,
    "operatingIncome": 0,
    "operatingIncomeRatio": 0,
    "totalOtherIncomeExpensesNet": 1074000000,
    "incomeBeforeTax": 1074000000,
    "incomeBeforeTaxRatio": 0.0742687228,
    "incomeTaxExpense": -502000000,
    "netIncome": 1605000000,
    "netIncomeRatio": 0.1109881751,
    "eps": 1.75,
    "epsdiluted": 1.72,
    "weightedAverageShsOut": 917200000,
    "weightedAverageShsOutDil": 933400000,
    "link": "https://www.sec.gov/Archives/edgar/data/51143/000005114324000025/0000051143-24-000025-index.htm",
    "finalLink": "https://www.sec.gov/Archives/edgar/data/51143/000005114324000025/ibm-20240331.htm"
  },
  {
    "date": "2023-12-31",
    "symbol": "IBM",
    "reportedCurrency": "USD",
    "cik": "0000051143",
    "fillingDate": "2024-02-26",
    "acceptedDate": "2024-02-26 06:41:57",
    "calendarYear": "2023",
    "period": "Q4",
    "revenue": 17380000000,
    "costOfRevenue": 7114000000,
    "grossProfit": 10267000000,
    "grossProfitRatio": 0.5907364787,
    "researchAndDevelopmentExpenses": 1748000000,
    "generalAndAdministrativeExpenses": 4278000000,
    "sellingAndMarketingExpenses": 248000000,
    "sellingGeneralAndAdministrativeExpenses": 4526000000,
    "otherExpenses": 3992000000,
    "operatingExpenses": 10266000000,
    "costAndExpenses": 17380000000,
    "interestIncome": 143000000,
    "interestExpense": 405000000,
    "depreciationAndAmortization": 1152000000,
    "ebitda": 5316000000,
    "ebitdaratio": 0.3058688147,
    "operatingIncome": 0,
    "operatingIncomeRatio": 0,
    "totalOtherIncomeExpensesNet": 3759000000,
    "incomeBeforeTax": 3759000000,
    "incomeBeforeTaxRatio": 0.216283084,
    "incomeTaxExpense": 474000000,
    "netIncome": 3288000000,
    "netIncomeRatio": 0.1891829689,
    "eps": 3.59,
    "epsdiluted": 3.55,
    "weightedAverageShsOut": 914700000,
    "weightedAverageShsOutDil": 927300000,
    "link": "https://www.sec.gov/Archives/edgar/data/51143/000005114324000012/0000051143-24-000012-index.htm",
    "finalLink": "https://www.sec.gov/Archives/edgar/data/51143/000005114324000012/ibm-20231231.htm"
  },
  {
    "date": "2023-09-30",
    "symbol": "IBM",
    "reportedCurrency": "USD",
    "cik": "0000051143",
    "fillingDate": "2023-10-31",
    "acceptedDate": "2023-10-31 06:38:48",
    "calendarYear": "2023",
    "period": "Q3",
    "revenue": 14752000000,
    "costOfRevenue": 6729000000,
    "grossProfit": 8023000000,
    "grossProfitRatio": 0.5438584599,
    "researchAndDevelopmentExpenses": 1685000000,
    "generalAndAdministrativeExpenses": 3912000000,
    "sellingAndMarketingExpenses": 303000000,
    "sellingGeneralAndAdministrativeExpenses": 4215000000,
    "otherExpenses": 2123000000,
    "operatingExpenses": 8023000000,
    "costAndExpenses": 14752000000,
    "interestIncome": 156000000,
    "interestExpense": 412000000,
    "depreciationAndAmortization": 1093000000,
    "ebitda": 3378000000,
    "ebitdaratio": 0.2289859002,
    "operatingIncome": 0,
    "operatingIncomeRatio": 0,
    "totalOtherIncomeExpensesNet": 1873000000,
    "incomeBeforeTax": 1873000000,
    "incomeBeforeTaxRatio": 0.1269658351,
    "incomeTaxExpense": 159000000,
    "netIncome": 1704000000,
    "netIncomeRatio": 0.1155097614,
    "eps": 1.87,
    "epsdiluted": 1.84,
    "weightedAverageShsOut": 912790387,
    "weightedAverageShsOutDil": 923673300,
    "link": "https://www.sec.gov/Archives/edgar/data/51143/000005114323000032/0000051143-23-000032-index.htm",
    "finalLink": "https://www.sec.gov/Archives/edgar/data/51143/000005114323000032/ibm-20230930.htm"
  },
  {
    "date": "2023-06-30",
    "symbol": "IBM",
    "reportedCurrency": "USD",
    "cik": "0000051143",
    "fillingDate": "2023-07-25",
    "acceptedDate": "2023-07-25 06:33:21",
    "calendarYear": "2023",
    "period": "Q2",
    "revenue": 15475000000,
    "costOfRevenue": 6974000000,
    "grossProfit": 8501000000,
    "grossProfitRatio": 0.5493376414,
    "researchAndDevelopmentExpenses": 1687000000,
    "generalAndAdministrativeExpenses": 4276000000,
    "sellingAndMarketingExpenses": 372000000,
    "sellingGeneralAndAdministrativeExpenses": 4648000000,
    "otherExpenses": 2166000000,
    "operatingExpenses": 8501000000,
    "costAndExpenses": 15475000000,
    "interestIncome": 201000000,
    "interestExpense": 423000000,
    "depreciationAndAmortization": 1077000000,
    "ebitda": 3500000000,
    "ebitdaratio": 0.2261712439,
    "operatingIncome": 2161000000,
    "operatingIncomeRatio": 0.139644588,
    "totalOtherIncomeExpensesNet": -161000000,
    "incomeBeforeTax": 2000000000,
    "incomeBeforeTaxRatio": 0.1292407108,
    "incomeTaxExpense": 419000000,
    "netIncome": 1583000000,
    "netIncomeRatio": 0.1022940226,
    "eps": 1.74,
    "epsdiluted": 1.72,
    "weightedAverageShsOut": 909855943,
    "weightedAverageShsOutDil": 919452496,
    "link": "https://www.sec.gov/Archives/edgar/data/51143/000005114323000021/0000051143-23-000021-index.htm",
    "finalLink": "https://www.sec.gov/Archives/edgar/data/51143/000005114323000021/ibm-20230630.htm"
  },
  {
    "date": "2023-03-31",
    "symbol": "IBM",
    "reportedCurrency": "USD",
    "cik": "0000051143",
    "fillingDate": "2023-04-25",
    "acceptedDate": "2023-04-25 16:18:35",
    "calendarYear": "2023",
    "period": "Q1",
    "revenue": 14252000000,
    "costOfRevenue": 6743000000,
    "grossProfit": 7509000000,
    "grossProfitRatio": 0.5268734213,
    "researchAndDevelopmentExpenses": 1655000000,
    "generalAndAdministrativeExpenses": 4294000000,
    "sellingAndMarketingExpenses": 314000000,
    "sellingGeneralAndAdministrativeExpenses": 4608000000,
    "otherExpenses": 1246000000,
    "operatingExpenses": 7509000000,
    "costAndExpenses": 14252000000,
    "interestIncome": 170000000,
    "interestExpense": 367000000,
    "depreciationAndAmortization": 1074000000,
    "ebitda": 2499000000,
    "ebitdaratio": 0.1753438114,
    "operatingIncome": 1177000000,
    "operatingIncomeRatio": 0.0825849004,
    "totalOtherIncomeExpensesNet": -119000000,
    "incomeBeforeTax": 1058000000,
    "incomeBeforeTaxRatio": 0.0742351951,
    "incomeTaxExpense": 124000000,
    "netIncome": 927000000,
    "netIncomeRatio": 0.0650435027,
    "eps": 1.02,
    "epsdiluted": 1.01,
    "weightedAverageShsOut": 907526887,
    "weightedAverageShsOutDil": 917845279,
    "link": "https://www.sec.gov/Archives/edgar/data/51143/000155837023006656/0001558370-23-006656-index.htm",
    "finalLink": "https://www.sec.gov/Archives/edgar/data/51143/000155837023006656/ibm-20230331x10q.htm"
  },
  {
    "date": "2022-12-31",
    "symbol": "IBM",
    "reportedCurrency": "USD",
    "cik": "0000051143",
    "fillingDate": "2023-02-28",
    "acceptedDate": "2023-02-28 16:26:11",
    "calendarYear": "2022",
    "period": "Q4",
    "revenue": 16691000000,
    "costOfRevenue": 7058000000,
    "grossProfit": 9632000000,
    "grossProfitRatio": 0.5770774669,
    "researchAndDevelopmentExpenses": 1604000000,
    "generalAndAdministrativeExpenses": 4179000000,
    "sellingAndMarketingExpenses": 302000000,
    "sellingGeneralAndAdministrativeExpenses": 4481000000,
    "otherExpenses": 3548000000,
    "operatingExpenses": 9633000000,
    "costAndExpenses": 16691000000,
    "interestIncome": 64000000,
    "interestExpense": 313000000,
    "depreciationAndAmortization": 1137000000,
    "ebitda": 4762000000,
    "ebitdaratio": 0.285303457,
    "operatingIncome": 3495000000,
    "operatingIncomeRatio": 0.2093942843,
    "totalOtherIncomeExpensesNet": -183000000,
    "incomeBeforeTax": 3312000000,
    "incomeBeforeTaxRatio": 0.1984302918,
    "incomeTaxExpense": 444000000,
    "netIncome": 2711000000,
    "netIncomeRatio": 0.1624228626,
    "eps": 2.99,
    "epsdiluted": 2.96,
    "weightedAverageShsOut": 905800000,
    "weightedAverageShsOutDil": 915900000,
    "link": "https://www.sec.gov/Archives/edgar/data/51143/000155837023002376/0001558370-23-002376-index.htm",
    "finalLink": "https://www.sec.gov/Archives/edgar/data/51143/000155837023002376/ibm-20221231x10k.htm"
  },
  {
    "date": "2022-09-30",
    "symbol": "IBM",
    "reportedCurrency": "USD",
    "cik": "0000051143",
    "fillingDate": "2022-10-25",
    "acceptedDate": "2022-10-25 16:16:44",
    "calendarYear": "2022",
    "period": "Q3",
    "revenue": 14106000000,
    "costOfRevenue": 6677000000,
    "grossProfit": 7430000000,
    "grossProfitRatio": 0.5267262158,
    "researchAndDevelopmentExpenses": 1611000000,
    "generalAndAdministrativeExpenses": 3832000000,
    "sellingAndMarketingExpenses": 297000000,
    "sellingGeneralAndAdministrativeExpenses": 4129000000,
    "otherExpenses": 1689000000,
    "operatingExpenses": 7429000000,
    "costAndExpenses": 14106000000,
    "interestIncome": 53000000,
    "interestExpense": 295000000,
    "depreciationAndAmortization": 1163000000,
    "ebitda": -3043000000,
    "ebitdaratio": -0.2157238055,
    "operatingIncome": 1548000000,
    "operatingIncomeRatio": 0.1097405359,
    "totalOtherIncomeExpensesNet": -6049000000,
    "incomeBeforeTax": -4501000000,
    "incomeBeforeTaxRatio": -0.3190840777,
    "incomeTaxExpense": -1287000000,
    "netIncome": -3196000000,
    "netIncomeRatio": -0.2265702538,
    "eps": -3.56,
    "epsdiluted": -3.55,
    "weightedAverageShsOut": 904076831,
    "weightedAverageShsOutDil": 904100000,
    "link": "https://www.sec.gov/Archives/edgar/data/51143/000155837022015322/0001558370-22-015322-index.htm",
    "finalLink": "https://www.sec.gov/Archives/edgar/data/51143/000155837022015322/ibm-20220930x10q.htm"
  },
  {
    "date": "2022-06-30",
    "symbol": "IBM",
    "reportedCurrency": "USD",
    "cik": "0000051143",
    "fillingDate": "2022-07-25",
    "acceptedDate": "2022-07-25 16:43:18",
    "calendarYear": "2022",
    "period": "Q2",
    "revenue": 15535000000,
    "costOfRevenue": 7246000000,
    "grossProfit": 8290000000,
    "grossProfitRatio": 0.5336337303,
    "researchAndDevelopmentExpenses": 1673000000,
    "generalAndAdministrativeExpenses": 4177000000,
    "sellingAndMarketingExpenses": 395000000,
    "sellingGeneralAndAdministrativeExpenses": 4572000000,
    "otherExpenses": 2044000000,
    "operatingExpenses": 8289000000,
    "costAndExpenses": 15535000000,
    "interestIncome": 28000000,
    "interestExpense": 297000000,
    "depreciationAndAmortization": 1246000000,
    "ebitda": 3265000000,
    "ebitdaratio": 0.2101705826,
    "operatingIncome": 1932000000,
    "operatingIncomeRatio": 0.1243643386,
    "totalOtherIncomeExpensesNet": -210000000,
    "incomeBeforeTax": 1722000000,
    "incomeBeforeTaxRatio": 0.1108464757,
    "incomeTaxExpense": 257000000,
    "netIncome": 1392000000,
    "netIncomeRatio": 0.0896041197,
    "eps": 1.54,
    "epsdiluted": 1.53,
    "weightedAverageShsOut": 901500000,
    "weightedAverageShsOutDil": 910700000,
    "link": "https://www.sec.gov/Archives/edgar/data/51143/000155837022010985/0001558370-22-010985-index.htm",
    "finalLink": "https://www.sec.gov/Archives/edgar/data/51143/000155837022010985/ibm-20220630x10q.htm"
  },
  {
    "date": "2022-03-31",
    "symbol": "IBM",
    "reportedCurrency": "USD",
    "cik": "0000051143",
    "fillingDate": "2022-04-26",
    "acceptedDate": "2022-04-26 16:19:53",
    "calendarYear": "2022",
    "period": "Q1",
    "revenue": 14197000000,
    "costOfRevenue": 6862000000,
    "grossProfit": 7335000000,
    "grossProfitRatio": 0.516658449,
    "researchAndDevelopmentExpenses": 1679000000,
    "generalAndAdministrativeExpenses": 3965000000,
    "sellingAndMarketingExpenses": 336000000,
    "sellingGeneralAndAdministrativeExpenses": 4301000000,
    "otherExpenses": 1355000000,
    "operatingExpenses": 7335000000,
    "costAndExpenses": 14197000000,
    "interestIncome": 17000000,
    "interestExpense": 311000000,
    "depreciationAndAmortization": 1256000000,
    "ebitda": 2190000000,
    "ebitdaratio": 0.1542579418,
    "operatingIncome": 1179000000,
    "operatingIncomeRatio": 0.0830457139,
    "totalOtherIncomeExpensesNet": -556000000,
    "incomeBeforeTax": 623000000,
    "incomeBeforeTaxRatio": 0.0438825104,
    "incomeTaxExpense": -39000000,
    "netIncome": 733000000,
    "netIncomeRatio": 0.0516306262,
    "eps": 0.82,
    "epsdiluted": 0.81,
    "weightedAverageShsOut": 899300000,
    "weightedAverageShsOutDil": 909226136,
    "link": "https://www.sec.gov/Archives/edgar/data/51143/000155837022005983/0001558370-22-005983-index.htm",
    "finalLink": "https://www.sec.gov/Archives/edgar/data/51143/000155837022005983/ibm-20220331x10q.htm"
  },
  {
    "date": "2021-12-31",
    "symbol": "IBM",
    "reportedCurrency": "USD",
    "cik": "0000051143",
    "fillingDate": "2022-02-22",
    "acceptedDate": "2022-02-22 16:07:29",
    "calendarYear": "2021",
    "period": "Q4",
    "revenue": 16695000000,
    "costOfRevenue": 7194000000,
    "grossProfit": 9501000000,
    "grossProfitRatio": 0.5690925427,
    "researchAndDevelopmentExpenses": 1625000000,
    "generalAndAdministrativeExpenses": 4288000000,
    "sellingAndMarketingExpenses": 333000000,
    "sellingGeneralAndAdministrativeExpenses": 5667000000,
    "otherExpenses": 2209000000,
    "operatingExpenses": 9501000000,
    "costAndExpenses": 16695000000,
    "interestIncome": 13000000,
    "interestExpense": 304000000,
    "depreciationAndAmortization": 1381000000,
    "ebitda": 4553000000,
    "ebitdaratio": 0.2727163822,
    "operatingIncome": -3690000000,
    "operatingIncomeRatio": -0.2210242588,
    "totalOtherIncomeExpensesNet": 6558000000,
    "incomeBeforeTax": 2868000000,
    "incomeBeforeTaxRatio": 0.1717879605,
    "incomeTaxExpense": 407000000,
    "netIncome": 2332000000,
    "netIncomeRatio": 0.1396825397,
    "eps": 2.5999999999999996,
    "epsdiluted": 2.57,
    "weightedAverageShsOut": 895990771,
    "weightedAverageShsOutDil": 904641001,
    "link": null,
    "finalLink": null
  },
  {
    "date": "2021-09-30",
    "symbol": "IBM",
    "reportedCurrency": "USD",
    "cik": "0000051143",
    "fillingDate": "2021-11-05",
    "acceptedDate": "2021-11-05 07:23:16",
    "calendarYear": "2021",
    "period": "Q3",
    "revenue": 13251000000,
    "costOfRevenue": 6145000000,
    "grossProfit": 7106000000,
    "grossProfitRatio": 0.5362614142,
    "researchAndDevelopmentExpenses": 1606000000,
    "generalAndAdministrativeExpenses": 3697000000,
    "sellingAndMarketingExpenses": 342000000,
    "sellingGeneralAndAdministrativeExpenses": 4039000000,
    "otherExpenses": 1461000000,
    "operatingExpenses": 7106000000,
    "costAndExpenses": 13251000000,
    "interestIncome": 14000000,
    "interestExpense": 290000000,
    "depreciationAndAmortization": 1684000000,
    "ebitda": 2787000000,
    "ebitdaratio": 0.2103237492,
    "operatingIncome": 1336000000,
    "operatingIncomeRatio": 0.1008225794,
    "totalOtherIncomeExpensesNet": -523000000,
    "incomeBeforeTax": 813000000,
    "incomeBeforeTaxRatio": 0.0613538601,
    "incomeTaxExpense": -224000000,
    "netIncome": 1130000000,
    "netIncomeRatio": 0.0852765829,
    "eps": 1.26,
    "epsdiluted": 1.25,
    "weightedAverageShsOut": 897100000,
    "weightedAverageShsOutDil": 906000000,
    "link": "https://www.sec.gov/Archives/edgar/data/51143/000155837021014734/0001558370-21-014734-index.htm",
    "finalLink": "https://www.sec.gov/Archives/edgar/data/51143/000155837021014734/ibm-20210930x10q.htm"
  },
  {
    "date": "2021-06-30",
    "symbol": "IBM",
    "reportedCurrency": "USD",
    "cik": "0000051143",
    "fillingDate": "2021-07-27",
    "acceptedDate": "2021-07-27 16:41:04",
    "calendarYear": "2021",
    "period": "Q2",
    "revenue": 14218000000,
    "costOfRevenue": 6366000000,
    "grossProfit": 7852000000,
    "grossProfitRatio": 0.5522577015,
    "researchAndDevelopmentExpenses": 1641000000,
    "generalAndAdministrativeExpenses": 4202000000,
    "sellingAndMarketingExpenses": 393000000,
    "sellingGeneralAndAdministrativeExpenses": 4595000000,
    "otherExpenses": 1616000000,
    "operatingExpenses": 7852000000,
    "costAndExpenses": 14218000000,
    "interestIncome": 11000000,
    "interestExpense": 281000000,
    "depreciationAndAmortization": 1680000000,
    "ebitda": 2873000000,
    "ebitdaratio": 0.2020678014,
    "operatingIncome": 1492000000,
    "operatingIncomeRatio": 0.1049374033,
    "totalOtherIncomeExpensesNet": -580000000,
    "incomeBeforeTax": 912000000,
    "incomeBeforeTaxRatio": 0.0641440428,
    "incomeTaxExpense": 101000000,
    "netIncome": 1325000000,
    "netIncomeRatio": 0.0931917288,
    "eps": 1.48,
    "epsdiluted": 1.47,
    "weightedAverageShsOut": 895000000,
    "weightedAverageShsOutDil": 904200000,
    "link": "https://www.sec.gov/Archives/edgar/data/51143/000155837021009351/0001558370-21-009351-index.htm",
    "finalLink": "https://www.sec.gov/Archives/edgar/data/51143/000155837021009351/ibm-20210630x10q.htm"
  },
  {
    "date": "2021-03-31",
    "symbol": "IBM",
    "reportedCurrency": "USD",
    "cik": "0000051143",
    "fillingDate": "2021-04-27",
    "acceptedDate": "2021-04-27 16:19:53",
    "calendarYear": "2021",
    "period": "Q1",
    "revenue": 13187000000,
    "costOfRevenue": 6160000000,
    "grossProfit": 7027000000,
    "grossProfitRatio": 0.5328732843,
    "researchAndDevelopmentExpenses": 1616000000,
    "generalAndAdministrativeExpenses": 4099000000,
    "sellingAndMarketingExpenses": 345000000,
    "sellingGeneralAndAdministrativeExpenses": 4444000000,
    "otherExpenses": 967000000,
    "operatingExpenses": 7027000000,
    "costAndExpenses": 13187000000,
    "interestIncome": 14000000,
    "interestExpense": 280000000,
    "depreciationAndAmortization": 1672000000,
    "ebitda": 2196000000,
    "ebitdaratio": 0.1665276409,
    "operatingIncome": 862000000,
    "operatingIncomeRatio": 0.0653674073,
    "totalOtherIncomeExpensesNet": -618000000,
    "incomeBeforeTax": 244000000,
    "incomeBeforeTaxRatio": 0.0185030712,
    "incomeTaxExpense": -160000000,
    "netIncome": 955000000,
    "netIncomeRatio": 0.0724198074,
    "eps": 1.07,
    "epsdiluted": 1.06,
    "weightedAverageShsOut": 893630916,
    "weightedAverageShsOutDil": 901746065,
    "link": "https://www.sec.gov/Archives/edgar/data/51143/000155837021004922/0001558370-21-004922-index.htm",
    "finalLink": "https://www.sec.gov/Archives/edgar/data/51143/000155837021004922/ibm-20210331x10q.htm"
  },
  {
    "date": "2020-12-31",
    "symbol": "IBM",
    "reportedCurrency": "USD",
    "cik": "0000051143",
    "fillingDate": "2021-02-23",
    "acceptedDate": "2021-02-23 17:08:23",
    "calendarYear": "2020",
    "period": "Q4",
    "revenue": 20368000000,
    "costOfRevenue": 9844000000,
    "grossProfit": 10523000000,
    "grossProfitRatio": 0.5166437549,
    "researchAndDevelopmentExpenses": 1611000000,
    "generalAndAdministrativeExpenses": 6580000000,
    "sellingAndMarketingExpenses": 390000000,
    "sellingGeneralAndAdministrativeExpenses": 6970000000,
    "otherExpenses": 1943000000,
    "operatingExpenses": 10524000000,
    "costAndExpenses": 20368000000,
    "interestIncome": 15000000,
    "interestExpense": 317000000,
    "depreciationAndAmortization": 1699000000,
    "ebitda": 3305000000,
    "ebitdaratio": 0.1622643362,
    "operatingIncome": 1960000000,
    "operatingIncomeRatio": 0.0962293794,
    "totalOtherIncomeExpensesNet": -671000000,
    "incomeBeforeTax": 1289000000,
    "incomeBeforeTaxRatio": 0.063285546,
    "incomeTaxExpense": 24000000,
    "netIncome": 1355000000,
    "netIncomeRatio": 0.066525923,
    "eps": 1.52,
    "epsdiluted": 1.51,
    "weightedAverageShsOut": 892600000,
    "weightedAverageShsOutDil": 899000000,
    "link": "https://www.sec.gov/Archives/edgar/data/51143/000155837021001489/0001558370-21-001489-index.htm",
    "finalLink": "https://www.sec.gov/Archives/edgar/data/51143/000155837021001489/ibm-20201231x10k.htm"
  },
  {
    "date": "2020-09-30",
    "symbol": "IBM",
    "reportedCurrency": "USD",
    "cik": "0000051143",
    "fillingDate": "2020-10-27",
    "acceptedDate": "2020-10-27 16:20:30",
    "calendarYear": "2020",
    "period": "Q3",
    "revenue": 17561000000,
    "costOfRevenue": 9130000000,
    "grossProfit": 8430000000,
    "grossProfitRatio": 0.4800409999,
    "researchAndDevelopmentExpenses": 1515000000,
    "generalAndAdministrativeExpenses": 4011000000,
    "sellingAndMarketingExpenses": 361000000,
    "sellingGeneralAndAdministrativeExpenses": 4372000000,
    "otherExpenses": 2544000000,
    "operatingExpenses": 8431000000,
    "costAndExpenses": 17561000000,
    "interestIncome": 15000000,
    "interestExpense": 323000000,
    "depreciationAndAmortization": 1683000000,
    "ebitda": 3833000000,
    "ebitdaratio": 0.2182677524,
    "operatingIncome": 2391000000,
    "operatingIncomeRatio": 0.1361539776,
    "totalOtherIncomeExpensesNet": -564000000,
    "incomeBeforeTax": 1827000000,
    "incomeBeforeTaxRatio": 0.1040373555,
    "incomeTaxExpense": 128000000,
    "netIncome": 1697000000,
    "netIncomeRatio": 0.096634588,
    "eps": 1.9,
    "epsdiluted": 1.89,
    "weightedAverageShsOut": 891381032,
    "weightedAverageShsOutDil": 897292233,
    "link": "https://www.sec.gov/Archives/edgar/data/51143/000155837020011799/0001558370-20-011799-index.htm",
    "finalLink": "https://www.sec.gov/Archives/edgar/data/51143/000155837020011799/ibm-20200930x10q.htm"
  },
  {
    "date": "2020-06-30",
    "symbol": "IBM",
    "reportedCurrency": "USD",
    "cik": "0000051143",
    "fillingDate": "2020-07-28",
    "acceptedDate": "2020-07-28 16:29:01",
    "calendarYear": "2020",
    "period": "Q2",
    "revenue": 18123000000,
    "costOfRevenue": 9423000000,
    "grossProfit": 8700000000,
    "grossProfitRatio": 0.4800529714,
    "researchAndDevelopmentExpenses": 1582000000,
    "generalAndAdministrativeExpenses": 4531000000,
    "sellingAndMarketingExpenses": 363000000,
    "sellingGeneralAndAdministrativeExpenses": 4894000000,
    "otherExpenses": 2224000000,
    "operatingExpenses": 8700000000,
    "costAndExpenses": 18123000000,
    "interestIncome": 23000000,
    "interestExpense": 323000000,
    "depreciationAndAmortization": 1679000000,
    "ebitda": 3573000000,
    "ebitdaratio": 0.1971527893,
    "operatingIncome": 2073000000,
    "operatingIncomeRatio": 0.1143850356,
    "totalOtherIncomeExpensesNet": -502000000,
    "incomeBeforeTax": 1571000000,
    "incomeBeforeTaxRatio": 0.0866854274,
    "incomeTaxExpense": 209000000,
    "netIncome": 1361000000,
    "netIncomeRatio": 0.0750979418,
    "eps": 1.53,
    "epsdiluted": 1.52,
    "weightedAverageShsOut": 889400000,
    "weightedAverageShsOutDil": 894900000,
    "link": "https://www.sec.gov/Archives/edgar/data/51143/000155837020008516/0001558370-20-008516-index.htm",
    "finalLink": "https://www.sec.gov/Archives/edgar/data/51143/000155837020008516/ibm-20200630x10q.htm"
  },
  {
    "date": "2020-03-31",
    "symbol": "IBM",
    "reportedCurrency": "USD",
    "cik": "0000051143",
    "fillingDate": "2020-04-28",
    "acceptedDate": "2020-04-28 16:24:43",
    "calendarYear": "2020",
    "period": "Q1",
    "revenue": 17570000000,
    "costOfRevenue": 9649000000,
    "grossProfit": 7922000000,
    "grossProfitRatio": 0.4508821855,
    "researchAndDevelopmentExpenses": 1625000000,
    "generalAndAdministrativeExpenses": 5186000000,
    "sellingAndMarketingExpenses": 428000000,
    "sellingGeneralAndAdministrativeExpenses": 5614000000,
    "otherExpenses": 682000000,
    "operatingExpenses": 7921000000,
    "costAndExpenses": 17570000000,
    "interestIncome": 51000000,
    "interestExpense": 326000000,
    "depreciationAndAmortization": 1634000000,
    "ebitda": 1911000000,
    "ebitdaratio": 0.1087649402,
    "operatingIncome": 459000000,
    "operatingIncomeRatio": 0.0261240751,
    "totalOtherIncomeExpensesNet": -508000000,
    "incomeBeforeTax": -49000000,
    "incomeBeforeTaxRatio": -0.0027888446,
    "incomeTaxExpense": -1226000000,
    "netIncome": 1175000000,
    "netIncomeRatio": 0.0668753557,
    "eps": 1.32,
    "epsdiluted": 1.31,
    "weightedAverageShsOut": 888000000,
    "weightedAverageShsOutDil": 895000000,
    "link": "https://www.sec.gov/Archives/edgar/data/51143/000155837020004491/0001558370-20-004491-index.htm",
    "finalLink": "https://www.sec.gov/Archives/edgar/data/51143/000155837020004491/ibm-20200331x10q.htm"
  }
]