[
  {
    "date": "2024-12-31",
    "symbol": "IBM",
    "reportedCurrency": "USD",
    "cik": "0000051143",
    "fillingDate": "2025-02-25",
    "acceptedDate": "2025-02-25 16:12:45",
    "calendarYear": "2024",
    "period": "FY",
    "revenue": 62753000000,
    "costOfRevenue": 27202000000,
    "grossProfit": 35551000000,
    "grossProfitRatio": 0.566522716,
    "researchAndDevelopmentExpenses": 7479000000,
    "generalAndAdministrativeExpenses": 0,
    "sellingAndMarketingExpenses": 0,
    "sellingGeneralAndAdministrativeExpenses": 17910000000,
    "otherExpenses": 0,
    "operatingExpenses": 25478000000,
    "costAndExpenses": 52679000000,
    "interestIncome": 747000000,
    "interestExpense": 1712000000,
    "depreciationAndAmortization": 4667000000,
    "ebitda": 12176000000,
    "ebitdaratio": 0.1940305643,
    "operatingIncome": 10074000000,
    "operatingIncomeRatio": 0.1605341577,
    "totalOtherIncomeExpensesNet": -4277000000,
    "incomeBeforeTax": 5797000000,
    "incomeBeforeTaxRatio": 0.0923780536,
    "incomeTaxExpense": -218000000,
    "netIncome": 6023000000,
    "netIncomeRatio": 0.0959794751,
    "eps": 6.53,
    "epsdiluted": 6.43,
    "weightedAverageShsOut": 938161993,
    "weightedAverageShsOutDil": 937200000,
    "link": "https://www.sec.gov/Archives/edgar/data/51143/000005114325000015/0000051143-25-000015-index.htm",
    "finalLink": "https://www.sec.gov/Archives/edgar/data/51143/000005114325000015/ibm-20241231.htm"
  },
  {
    "date": "2023-12-31",
    "symbol": "IBM",
    "reportedCurrency": "USD",
    "cik": "0000051143",
    "fillingDate": "2024-02-26",
    "acceptedDate": "2024-02-26 06:41:57",
    "calendarYear": "2023",
    "period": "FY",
    "revenue": 61860000000,
    "costOfRevenue": 27560000000,
    "grossProfit": 34300000000,
    "grossProfitRatio": 0.5544778532,
    "researchAndDevelopmentExpenses": 6775000000,
    "generalAndAdministrativeExpenses": 16760000000,
    "sellingAndMarketingExpenses": 1237000000,
    "sellingGeneralAndAdministrativeExpenses": 17997000000,
    "otherExpenses": 9528000000,
    "operatingExpenses": 34300000000,
    "costAndExpenses": 61860000000,
    "interestIncome": 670000000,
    "interestExpense": 1607000000,
    "depreciationAndAmortization": 4396000000,
    "ebitda": 14693000000,
    "ebitdaratio": 0.2375202069,
    "operatingIncome": 0,
    "operatingIncomeRatio": 0,
    "totalOtherIncomeExpensesNet": 8690000000,
    "incomeBeforeTax": 8690000000,
    "incomeBeforeTaxRatio": 0.1404784998,
    "incomeTaxExpense": 1176000000,
    "netIncome": 7502000000,
    "netIncomeRatio": 0.1212738442,
    "eps": 8.23,
    "epsdiluted": 8.14,
    "weightedAverageShsOut": 911210319,
    "weightedAverageShsOutDil": 922073828,
    "link": "https://www.sec.gov/Archives/edgar/data/51143/000005114324000012/0000051143-24-000012-index.htm",
    "finalLink": "https://www.sec.gov/Archives/edgar/data/51143/000005114324000012/ibm-20231231.htm"
  },
  {
    "date": "2022-12-31",
    "symbol": "IBM",
    "reportedCurrency": "USD",
    "cik": "0000051143",
    "fillingDate": "2023-02-28",
    "acceptedDate": "2023-02-28 16:26:11",
    "calendarYear": "2022",
    "period": "FY",
    "revenue": 60530000000,
    "costOfRevenue": 27842000000,
    "grossProfit": 32687000000,
    "grossProfitRatio": 0.5400132166,
    "researchAndDevelopmentExpenses": 6567000000,
    "generalAndAdministrativeExpenses": 16153000000,
    "sellingAndMarketingExpenses": 1330000000,
    "sellingGeneralAndAdministrativeExpenses": 17483000000,
    "otherExpenses": 8638000000,
    "operatingExpenses": 32688000000,
    "costAndExpenses": 60530000000,
    "interestIncome": 162000000,
    "interestExpense": 1216000000,
    "depreciationAndAmortization": 4802000000,
    "ebitda": 7174000000,
    "ebitdaratio": 0.1185197423,
    "operatingIncome": 0,
    "operatingIncomeRatio": 0,
    "totalOtherIncomeExpensesNet": 1156000000,
    "incomeBeforeTax": 1156000000,
    "incomeBeforeTaxRatio": 0.0190979679,
    "incomeTaxExpense": -626000000,
    "netIncome": 1640000000,
    "netIncomeRatio": 0.027094003,
    "eps": 1.82,
    "epsdiluted": 1.8,
    "weightedAverageShsOut": 902664190,
    "weightedAverageShsOutDil": 912269062,
    "link": "https://www.sec.gov/Archives/edgar/data/51143/000155837023002376/0001558370-23-002376-index.htm",
    "finalLink": "https://www.sec.gov/Archives/edgar/data/51143/000155837023002376/ibm-20221231x10k.htm"
  },
  {
    "date": "2021-12-31",
    "symbol": "IBM",
    "reportedCurrency": "USD",
    "cik": "0000051143",
    "fillingDate": "2022-02-22",
    "acceptedDate": "2022-02-22 16:07:29",
    "calendarYear": "2021",
    "period": "FY",
    "revenue": 57351000000,
    "costOfRevenue": 25865000000,
    "grossProfit": 31486000000,
    "grossProfitRatio": 0.5490052484,
    "researchAndDevelopmentExpenses": 6488000000,
    "generalAndAdministrativeExpenses": 16286000000,
    "sellingAndMarketingExpenses": 1413000000,
    "sellingGeneralAndAdministrativeExpenses": 18745000000,
    "otherExpenses": 6253000000,
    "operatingExpenses": 31486000000,
    "costAndExpenses": 57351000000,
    "interestIncome": 52000000,
    "interestExpense": 1155000000,
    "depreciationAndAmortization": 6417000000,
    "ebitda": 12409000000,
    "ebitdaratio": 0.2163693746,
    "operatingIncome": 0,
    "operatingIncomeRatio": 0,
    "totalOtherIncomeExpensesNet": 4837000000,
    "incomeBeforeTax": 4837000000,
    "incomeBeforeTaxRatio": 0.0843402905,
    "incomeTaxExpense": 124000000,
    "netIncome": 5742000000,
    "netIncomeRatio": 0.1001203118,
    "eps": 6.41,
    "epsdiluted": 6.35,
    "weightedAverageShsOut": 895990771,
    "weightedAverageShsOutDil": 904641001,
    "link": "https://www.sec.gov/Archives/edgar/data/51143/000155837022001584/0001558370-22-001584-index.htm",
    "finalLink": "https://www.sec.gov/Archives/edgar/data/51143/000155837022001584/ibm-20211231x10k.htm"
  },
  {
    "date": "2020-12-31",
    "symbol": "IBM",
    "reportedCurrency": "USD",
    "cik": "0000051143",
    "fillingDate": "2021-02-23",
    "acceptedDate": "2021-02-23 17:08:23",
    "calendarYear": "2020",
    "period": "FY",
    "revenue": 55179000000,
    "costOfRevenue": 24314000000,
    "grossProfit": 30865000000,
    "grossProfitRatio": 0.5593613512,
    "researchAndDevelopmentExpenses": 6262000000,
    "generalAndAdministrativeExpenses": 20308000000,
    "sellingAndMarketingExpenses": 1542000000,
    "sellingGeneralAndAdministrativeExpenses": 20561000000,
    "otherExpenses": 4042000000,
    "operatingExpenses": 30865000000,
    "costAndExpenses": 55179000000,
    "interestIncome": 105000000,
    "interestExpense": 1288000000,
    "depreciationAndAmortization": 6695000000,
    "ebitda": 10555000000,
    "ebitdaratio": 0.1912865402,
    "operatingIncome": 0,
    "operatingIncomeRatio": 0,
    "totalOtherIncomeExpensesNet": 2572000000,
    "incomeBeforeTax": 2572000000,
    "incomeBeforeTaxRatio": 0.0466119357,
    "incomeTaxExpense": -1360000000,
    "netIncome": 5590000000,
    "netIncomeRatio": 0.1013066565,
    "eps": 6.28,
    "epsdiluted": 6.23,
    "weightedAverageShsOut": 890348679,
    "weightedAverageShsOutDil": 896563971,
    "link": "https://www.sec.gov/Archives/edgar/data/51143/000155837021001489/0001558370-21-001489-index.htm",
    "finalLink": "https://www.sec.gov/Archives/edgar/data/51143/000155837021001489/ibm-20201231x10k.htm"
  },
  {
    "date": "2019-12-31",
    "symbol": "IBM",
    "reportedCurrency": "USD",
    "cik": "0000051143",
    "fillingDate": "2020-02-25",
    "acceptedDate": "2020-02-25 16:54:20",
    "calendarYear": "2019",
    "period": "FY",
    "revenue": 57714000000,
    "costOfRevenue": 26181000000,
    "grossProfit": 31533000000,
    "grossProfitRatio": 0.5463665662,
    "researchAndDevelopmentExpenses": 5910000000,
    "generalAndAdministrativeExpenses": 18107000000,
    "sellingAndMarketingExpenses": 1647000000,
    "sellingGeneralAndAdministrativeExpenses": 18724000000,
    "otherExpenses": 6899000000,
    "operatingExpenses": 31533000000,
    "costAndExpenses": 57714000000,
    "interestIncome": 349000000,
    "interestExpense": 1344000000,
    "depreciationAndAmortization": 6059000000,
    "ebitda": 14609000000,
    "ebitdaratio": 0.2531274907,
    "operatingIncome": 7538000000,
    "operatingIncomeRatio": 0.1306095575,
    "totalOtherIncomeExpensesNet": -332000000,
    "incomeBeforeTax": 7206000000,
    "incomeBeforeTaxRatio": 0.1248570537,
    "incomeTaxExpense": 60000000,
    "netIncome": 9431000000,
    "netIncomeRatio": 0.1634092248,
    "eps": 10.63,
    "epsdiluted": 10.56,
    "weightedAverageShsOut": 887235105,
    "weightedAverageShsOutDil": 892813376,
    "link": "https://www.sec.gov/Archives/edgar/data/51143/000155837020001334/0001558370-20-001334-index.htm",
    "finalLink": "https://www.sec.gov/Archives/edgar/data/51143/000155837020001334/ibm-20191231x10k2af531.htm"
  },
  {
    "date": "2018-12-31",
    "symbol": "IBM",
    "reportedCurrency": "USD",
    "cik": "0000051143",
    "fillingDate": "2019-02-26",
    "acceptedDate": "2019-02-26 16:27:59",
    "calendarYear": "2018",
    "period": "FY",
    "revenue": 79591000000,
    "costOfRevenue": 42655000000,
    "grossProfit": 36936000000,
    "grossProfitRatio": 0.464072571,
    "researchAndDevelopmentExpenses": 5379000000,
    "generalAndAdministrativeExpenses": 17397000000,
    "sellingAndMarketingExpenses": 1466000000,
    "sellingGeneralAndAdministrativeExpenses": 19366000000,
    "otherExpenses": 12191000000,
    "operatingExpenses": 36936000000,
    "costAndExpenses": 79591000000,
    "interestIncome": 264000000,
    "interestExpense": 723000000,
    "depreciationAndAmortization": 4480000000,
    "ebitda": 16545000000,
    "ebitdaratio": 0.2078752623,
    "operatingIncome": 13217000000,
    "operatingIncomeRatio": 0.1660614894,
    "totalOtherIncomeExpensesNet": -1875000000,
    "incomeBeforeTax": 11342000000,
    "incomeBeforeTaxRatio": 0.1425035494,
    "incomeTaxExpense": 2619000000,
    "netIncome": 8728000000,
    "netIncomeRatio": 0.10966064,
    "eps": 9.57,
    "epsdiluted": 9.53,
    "weightedAverageShsOut": 912000000,
    "weightedAverageShsOutDil": 916300000,
    "link": "https://www.sec.gov/Archives/edgar/data/51143/000104746919000712/0001047469-19-000712-index.htm",
    "finalLink": "https://www.sec.gov/Archives/edgar/data/51143/000104746919000712/a2237254z10-k.htm"
  },
  {
    "date": "2017-12-31",
    "symbol": "IBM",
    "reportedCurrency": "USD",
    "cik": "0000051143",
    "fillingDate": "2018-02-27",
    "acceptedDate": "2018-02-27 17:13:57",
    "calendarYear": "2017",
    "period": "FY",
    "revenue": 79139000000,
    "costOfRevenue": 42196000000,
    "grossProfit": 36943000000,
    "grossProfitRatio": 0.4668115594,
    "researchAndDevelopmentExpenses": 5590000000,
    "generalAndAdministrativeExpenses": 18110000000,
    "sellingAndMarketingExpenses": 1445000000,
    "sellingGeneralAndAdministrativeExpenses": 19680000000,
    "otherExpenses": 11673000000,
    "operatingExpenses": 36943000000,
    "costAndExpenses": 79139000000,
    "interestIncome": 144000000,
    "interestExpense": 615000000,
    "depreciationAndAmortization": 4541000000,
    "ebitda": 16556000000,
    "ebitdaratio": 0.2092015315,
    "operatingIncome": 13139000000,
    "operatingIncomeRatio": 0.1660243369,
    "totalOtherIncomeExpensesNet": -1739000000,
    "incomeBeforeTax": 11400000000,
    "incomeBeforeTaxRatio": 0.1440503418,
    "incomeTaxExpense": 5642000000,
    "netIncome": 5753000000,
    "netIncomeRatio": 0.0726948786,
    "eps": 6.17,
    "epsdiluted": 6.14,
    "weightedAverageShsOut": 932800000,
    "weightedAverageShsOutDil": 937400000,
    "link": "https://www.sec.gov/Archives/edgar/data/51143/000104746918001117/0001047469-18-001117-index.htm",
    "finalLink": "https://www.sec.gov/Archives/edgar/data/51143/000104746918001117/a2233835z10-k.htm"
  },
  {
    "date": "2016-12-31",
    "symbol": "IBM",
    "reportedCurrency": "USD",
    "cik": "0000051143",
    "fillingDate": "2017-02-28",
    "acceptedDate": "2017-02-28 16:23:36",
    "calendarYear": "2016",
    "period": "FY",
    "revenue": 79920000000,
    "costOfRevenue": 41403000000,
    "grossProfit": 38516000000,
    "grossProfitRatio": 0.4819319319,
    "researchAndDevelopmentExpenses": 5726000000,
    "generalAndAdministrativeExpenses": 18952000000,
    "sellingAndMarketingExpenses": 1327000000,
    "sellingGeneralAndAdministrativeExpenses": 20279000000,
    "otherExpenses": 12512000000,
    "operatingExpenses": 38517000000,
    "costAndExpenses": 79920000000,
    "interestIncome": 108000000,
    "interestExpense": 630000000,
    "depreciationAndAmortization": 4381000000,
    "ebitda": 17341000000,
    "ebitdaratio": 0.2169794795,
    "operatingIncome": 13639000000,
    "operatingIncomeRatio": 0.1706581582,
    "totalOtherIncomeExpensesNet": -1309000000,
    "incomeBeforeTax": 12330000000,
    "incomeBeforeTaxRatio": 0.1542792793,
    "incomeTaxExpense": 449000000,
    "netIncome": 11872000000,
    "netIncomeRatio": 0.1485485485,
    "eps": 12.43,
    "epsdiluted": 12.38,
    "weightedAverageShsOut": 955400000,
    "weightedAverageShsOutDil": 958700000,
    "link": "https://www.sec.gov/Archives/edgar/data/51143/000104746917001061/0001047469-17-001061-index.htm",
    "finalLink": "https://www.sec.gov/Archives/edgar/data/51143/000104746917001061/a2230222z10-k.htm"
  },
  {
    "date": "2015-12-31",
    "symbol": "IBM",
    "reportedCurrency": "USD",
    "cik": "0000051143",
    "fillingDate": "2016-02-23",
    "acceptedDate": "2016-02-23 16:19:19",
    "calendarYear": "2015",
    "period": "FY",
    "revenue": 81742000000,
    "costOfRevenue": 41057000000,
    "grossProfit": 40684000000,
    "grossProfitRatio": 0.4977123144,
    "researchAndDevelopmentExpenses": 5247000000,
    "generalAndAdministrativeExpenses": 18604000000,
    "sellingAndMarketingExpenses": 1290000000,
    "sellingGeneralAndAdministrativeExpenses": 19894000000,
    "otherExpenses": 15544000000,
    "operatingExpenses": 40685000000,
    "costAndExpenses": 81742000000,
    "interestIncome": 108000000,
    "interestExpense": 468000000,
    "depreciationAndAmortization": 3855000000,
    "ebitda": 20268000000,
    "ebitdaratio": 0.2479508698,
    "operatingIncome": 15921000000,
    "operatingIncomeRatio": 0.1947713538,
    "totalOtherIncomeExpensesNet": 24000000,
    "incomeBeforeTax": 15945000000,
    "incomeBeforeTaxRatio": 0.1950649605,
    "incomeTaxExpense": 2581000000,
    "netIncome": 13190000000,
    "netIncomeRatio": 0.1613613565,
    "eps": 13.48,
    "epsdiluted": 13.42,
    "weightedAverageShsOut": 978700000,
    "weightedAverageShsOutDil": 982700000,
    "link": "https://www.sec.gov/Archives/edgar/data/51143/000104746916010329/0001047469-16-010329-index.htm",
    "finalLink": "https://www.sec.gov/Archives/edgar/data/51143/000104746916010329/a2226548z10-k.htm"
  }
]