[
  {
    "date": "2024-12-31",
    "symbol": "BX",
    "reportedCurrency": "USD",
    "cik": "0001393818",
    "fillingDate": "2025-02-28",
    "acceptedDate": "2025-02-28 16:06:07",
    "calendarYear": "2024",
    "period": "FY",
    "revenue": 12662587000,
    "costOfRevenue": 0,
    "grossProfit": 12662587000,
    "grossProfitRatio": 1,
    "researchAndDevelopmentExpenses": 0,
    "generalAndAdministrativeExpenses": 1381585000,
    "sellingAndMarketingExpenses": 4994053000,
    "sellingGeneralAndAdministrativeExpenses": 6375638000,
    "otherExpenses": 0,
    "operatingExpenses": 6375638000,
    "costAndExpenses": 6375638000,
    "interestIncome": 0,
    "interestExpense": 0,
    "depreciationAndAmortization": 0,
    "ebitda": 6286949000,
    "ebitdaratio": 0.4964979905,
    "operatingIncome": 6286949000,
    "operatingIncomeRatio": 0.4964979905,
    "totalOtherIncomeExpensesNet": 172531000,
    "incomeBeforeTax": 6459480000,
    "incomeBeforeTaxRatio": 0.5101232473,
    "incomeTaxExpense": 1021671000,
    "netIncome": 2776508000,
    "netIncomeRatio": 0.2192686218,
    "eps": 3.62,
    "epsdiluted": 3.62,
    "weightedAverageShsOut": 766487450,
    "weightedAverageShsOutDil": 766646508,
    "link": "https://www.sec.gov/Archives/edgar/data/1393818/000119312525042469/0001193125-25-042469-index.htm",
    "finalLink": "https://www.sec.gov/Archives/edgar/data/1393818/000119312525042469/d912273d10k.htm"
  },
  {
    "date": "2023-12-31",
    "symbol": "BX",
    "reportedCurrency": "USD",
    "cik": "0001393818",
    "fillingDate": "2024-01-25",
    "acceptedDate": "2024-01-25 06:56:02",
    "calendarYear": "2023",
    "period": "FY",
    "revenue": 7683902000,
    "costOfRevenue": 0,
    "grossProfit": 7683902000,
    "grossProfitRatio": 1,
    "researchAndDevelopmentExpenses": 0,
    "generalAndAdministrativeExpenses": 1236292000,
    "sellingAndMarketingExpenses": 3312970000,
    "sellingGeneralAndAdministrativeExpenses": 4549262000,
    "otherExpenses": 0,
    "operatingExpenses": 4549262000,
    "costAndExpenses": 4549262000,
    "interestIncome": 0,
    "interestExpense": 0,
    "depreciationAndAmortization": 0,
    "ebitda": 3134640000,
    "ebitdaratio": 0.4079489822,
    "operatingIncome": 3134640000,
    "operatingIncomeRatio": 0.4079489822,
    "totalOtherIncomeExpensesNet": -176926000,
    "incomeBeforeTax": 2957714000,
    "incomeBeforeTaxRatio": 0.3849234412,
    "incomeTaxExpense": 513461000,
    "netIncome": 1390880000,
    "netIncomeRatio": 0.1810121993,
    "eps": 1.84,
    "epsdiluted": 1.84,
    "weightedAverageShsOut": 755204556,
    "weightedAverageShsOutDil": 755419936,
    "link": "https://www.sec.gov/Archives/edgar/data/1393818/000119312524044485/0001193125-24-044485-index.htm",
    "finalLink": "https://www.sec.gov/Archives/edgar/data/1393818/000119312524044485/d734131d10k.htm"
  },
  {
    "date": "2022-12-31",
    "symbol": "BX",
    "reportedCurrency": "USD",
    "cik": "0001393818",
    "fillingDate": "2023-02-24",
    "acceptedDate": "2023-02-24 16:04:44",
    "calendarYear": "2022",
    "period": "FY",
    "revenue": 8015891000,
    "costOfRevenue": 0,
    "grossProfit": 8015891000,
    "grossProfitRatio": 1,
    "researchAndDevelopmentExpenses": 0,
    "generalAndAdministrativeExpenses": 1123346000,
    "sellingAndMarketingExpenses": 3532454000,
    "sellingGeneralAndAdministrativeExpenses": 4655800000,
    "otherExpenses": 0,
    "operatingExpenses": 4655800000,
    "costAndExpenses": 4655800000,
    "interestIncome": 0,
    "interestExpense": 0,
    "depreciationAndAmortization": 0,
    "ebitda": 3360091000,
    "ebitdaratio": 0.4191787289,
    "operatingIncome": 3360091000,
    "operatingIncomeRatio": 0.4191787289,
    "totalOtherIncomeExpensesNet": 101698000,
    "incomeBeforeTax": 3461789000,
    "incomeBeforeTaxRatio": 0.4318657776,
    "incomeTaxExpense": 472880000,
    "netIncome": 1747631000,
    "netIncomeRatio": 0.2180208039,
    "eps": 2.36,
    "epsdiluted": 2.36,
    "weightedAverageShsOut": 740664038,
    "weightedAverageShsOutDil": 740942399,
    "link": "https://www.sec.gov/Archives/edgar/data/1393818/000119312523048733/0001193125-23-048733-index.htm",
    "finalLink": "https://www.sec.gov/Archives/edgar/data/1393818/000119312523048733/d459795d10k.htm"
  },
  {
    "date": "2021-12-31",
    "symbol": "BX",
    "reportedCurrency": "USD",
    "cik": "0001393818",
    "fillingDate": "2022-02-25",
    "acceptedDate": "2022-02-25 16:18:56",
    "calendarYear": "2021",
    "period": "FY",
    "revenue": 22175794000,
    "costOfRevenue": 0,
    "grossProfit": 22175794000,
    "grossProfitRatio": 1,
    "researchAndDevelopmentExpenses": 0,
    "generalAndAdministrativeExpenses": 928223000,
    "sellingAndMarketingExpenses": 8350126000,
    "sellingGeneralAndAdministrativeExpenses": 9278349000,
    "otherExpenses": 0,
    "operatingExpenses": 9278349000,
    "costAndExpenses": 9278349000,
    "interestIncome": 0,
    "interestExpense": 0,
    "depreciationAndAmortization": 0,
    "ebitda": 12897445000,
    "ebitdaratio": 0.5816001447,
    "operatingIncome": 12897445000,
    "operatingIncomeRatio": 0.5816001447,
    "totalOtherIncomeExpensesNet": 661951000,
    "incomeBeforeTax": 13559396000,
    "incomeBeforeTaxRatio": 0.6114503048,
    "incomeTaxExpense": 1184401000,
    "netIncome": 5857397000,
    "netIncomeRatio": 0.2641347137,
    "eps": 8.14,
    "epsdiluted": 8.13,
    "weightedAverageShsOut": 719766879,
    "weightedAverageShsOutDil": 720125043,
    "link": "https://www.sec.gov/Archives/edgar/data/1393818/000119312522054433/0001193125-22-054433-index.htm",
    "finalLink": "https://www.sec.gov/Archives/edgar/data/1393818/000119312522054433/d299999d10k.htm"
  },
  {
    "date": "2020-12-31",
    "symbol": "BX",
    "reportedCurrency": "USD",
    "cik": "0001393818",
    "fillingDate": "2021-02-26",
    "acceptedDate": "2021-02-26 16:06:18",
    "calendarYear": "2020",
    "period": "FY",
    "revenue": 6188907000,
    "costOfRevenue": 0,
    "grossProfit": 6188907000,
    "grossProfitRatio": 1,
    "researchAndDevelopmentExpenses": 0,
    "generalAndAdministrativeExpenses": 724646000,
    "sellingAndMarketingExpenses": 1855619000,
    "sellingGeneralAndAdministrativeExpenses": 2580265000,
    "otherExpenses": 0,
    "operatingExpenses": 2580265000,
    "costAndExpenses": 2580265000,
    "interestIncome": 0,
    "interestExpense": 0,
    "depreciationAndAmortization": 0,
    "ebitda": 3608642000,
    "ebitdaratio": 0.5830822793,
    "operatingIncome": 3608642000,
    "operatingIncomeRatio": 0.5830822793,
    "totalOtherIncomeExpensesNet": -991122000,
    "incomeBeforeTax": 2617520000,
    "incomeBeforeTaxRatio": 0.422937362,
    "incomeTaxExpense": 356014000,
    "netIncome": 1045363000,
    "netIncomeRatio": 0.1689091466,
    "eps": 1.48,
    "epsdiluted": 1.48,
    "weightedAverageShsOut": 696933548,
    "weightedAverageShsOutDil": 697258296,
    "link": "https://www.sec.gov/Archives/edgar/data/1393818/000119312521060361/0001193125-21-060361-index.htm",
    "finalLink": "https://www.sec.gov/Archives/edgar/data/1393818/000119312521060361/d105584d10k.htm"
  },
  {
    "date": "2019-12-31",
    "symbol": "BX",
    "reportedCurrency": "USD",
    "cik": "0001393818",
    "fillingDate": "2020-02-28",
    "acceptedDate": "2020-02-28 17:00:08",
    "calendarYear": "2019",
    "period": "FY",
    "revenue": 7058629000,
    "costOfRevenue": 0,
    "grossProfit": 7058629000,
    "grossProfitRatio": 1,
    "researchAndDevelopmentExpenses": 0,
    "generalAndAdministrativeExpenses": 697146000,
    "sellingAndMarketingExpenses": 1820330000,
    "sellingGeneralAndAdministrativeExpenses": 2517476000,
    "otherExpenses": 0,
    "operatingExpenses": 2517476000,
    "costAndExpenses": 2517476000,
    "interestIncome": 0,
    "interestExpense": 0,
    "depreciationAndAmortization": 0,
    "ebitda": 4541153000,
    "ebitdaratio": 0.6433477379,
    "operatingIncome": 4541153000,
    "operatingIncomeRatio": 0.6433477379,
    "totalOtherIncomeExpensesNet": -723138000,
    "incomeBeforeTax": 3818015000,
    "incomeBeforeTaxRatio": 0.5409003646,
    "incomeTaxExpense": 47952000,
    "netIncome": 2049681999,
    "netIncomeRatio": 0.2903796189,
    "eps": 3.03,
    "epsdiluted": 3.03,
    "weightedAverageShsOut": 675900466,
    "weightedAverageShsOutDil": 676167851,
    "link": "https://www.sec.gov/Archives/edgar/data/1393818/000119312520056733/0001193125-20-056733-index.htm",
    "finalLink": "https://www.sec.gov/Archives/edgar/data/1393818/000119312520056733/d844019d10k.htm"
  },
  {
    "date": "2018-12-31",
    "symbol": "BX",
    "reportedCurrency": "USD",
    "cik": "0001393818",
    "fillingDate": "2019-03-01",
    "acceptedDate": "2019-03-01 16:21:20",
    "calendarYear": "2018",
    "period": "FY",
    "revenue": 5996952000,
    "costOfRevenue": 0,
    "grossProfit": 5996952000,
    "grossProfitRatio": 1,
    "researchAndDevelopmentExpenses": 0,
    "generalAndAdministrativeExpenses": 673359000,
    "sellingAndMarketingExpenses": 1609957000,
    "sellingGeneralAndAdministrativeExpenses": 2283316000,
    "otherExpenses": 0,
    "operatingExpenses": 2283316000,
    "costAndExpenses": 2283316000,
    "interestIncome": 0,
    "interestExpense": 0,
    "depreciationAndAmortization": 0,
    "ebitda": 3713636000,
    "ebitdaratio": 0.6192539143,
    "operatingIncome": 3713636000,
    "operatingIncomeRatio": 0.6192539143,
    "totalOtherIncomeExpensesNet": -200695000,
    "incomeBeforeTax": 3512941000,
    "incomeBeforeTaxRatio": 0.5857877468,
    "incomeTaxExpense": 249390000,
    "netIncome": 1541788000,
    "netIncomeRatio": 0.2570952711,
    "eps": 2.27,
    "epsdiluted": 2.26,
    "weightedAverageShsOut": 1206962846,
    "weightedAverageShsOutDil": 1206962846,
    "link": "https://www.sec.gov/Archives/edgar/data/1393818/000119312519061011/0001193125-19-061011-index.htm",
    "finalLink": "https://www.sec.gov/Archives/edgar/data/1393818/000119312519061011/d663205d10k.htm"
  },
  {
    "date": "2017-12-31",
    "symbol": "BX",
    "reportedCurrency": "USD",
    "cik": "0001393818",
    "fillingDate": "2018-03-01",
    "acceptedDate": "2018-03-01 16:03:33",
    "calendarYear": "2017",
    "period": "FY",
    "revenue": 6947529000,
    "costOfRevenue": 0,
    "grossProfit": 6947529000,
    "grossProfitRatio": 1,
    "researchAndDevelopmentExpenses": 0,
    "generalAndAdministrativeExpenses": 621369000,
    "sellingAndMarketingExpenses": 1442484999,
    "sellingGeneralAndAdministrativeExpenses": 2063853999,
    "otherExpenses": 0,
    "operatingExpenses": 2063853999,
    "costAndExpenses": 2063853999,
    "interestIncome": 0,
    "interestExpense": 0,
    "depreciationAndAmortization": 0,
    "ebitda": 4883675001,
    "ebitdaratio": 0.7029369724,
    "operatingIncome": 4883675001,
    "operatingIncomeRatio": 0.7029369724,
    "totalOtherIncomeExpensesNet": -765586001,
    "incomeBeforeTax": 4118089000,
    "incomeBeforeTaxRatio": 0.5927415344,
    "incomeTaxExpense": 743147000,
    "netIncome": 1471374000,
    "netIncomeRatio": 0.2117837867,
    "eps": 2.21,
    "epsdiluted": 2.21,
    "weightedAverageShsOut": 665453198,
    "weightedAverageShsOutDil": 666246846,
    "link": "https://www.sec.gov/Archives/edgar/data/1393818/000119312518067079/0001193125-18-067079-index.htm",
    "finalLink": "https://www.sec.gov/Archives/edgar/data/1393818/000119312518067079/d522506d10k.htm"
  },
  {
    "date": "2016-12-31",
    "symbol": "BX",
    "reportedCurrency": "USD",
    "cik": "0001393818",
    "fillingDate": "2017-02-24",
    "acceptedDate": "2017-02-24 16:06:59",
    "calendarYear": "2016",
    "period": "FY",
    "revenue": 4993645000,
    "costOfRevenue": 0,
    "grossProfit": 4993645000,
    "grossProfitRatio": 1,
    "researchAndDevelopmentExpenses": 0,
    "generalAndAdministrativeExpenses": 593805000,
    "sellingAndMarketingExpenses": 1335408000,
    "sellingGeneralAndAdministrativeExpenses": 1929213000,
    "otherExpenses": 0,
    "operatingExpenses": 1929213000,
    "costAndExpenses": 1929213000,
    "interestIncome": 0,
    "interestExpense": 0,
    "depreciationAndAmortization": 0,
    "ebitda": 3064432000,
    "ebitdaratio": 0.61366637,
    "operatingIncome": 3064432000,
    "operatingIncomeRatio": 0.61366637,
    "totalOtherIncomeExpensesNet": -682828000,
    "incomeBeforeTax": 2381604000,
    "incomeBeforeTaxRatio": 0.4769269742,
    "incomeTaxExpense": 132362000,
    "netIncome": 1039013999,
    "netIncomeRatio": 0.2080672533,
    "eps": 1.6,
    "epsdiluted": 1.56,
    "weightedAverageShsOut": 649475264,
    "weightedAverageShsOutDil": 1195114590,
    "link": "https://www.sec.gov/Archives/edgar/data/1393818/000119312517056300/0001193125-17-056300-index.htm",
    "finalLink": "https://www.sec.gov/Archives/edgar/data/1393818/000119312517056300/d280098d10k.htm"
  },
  {
    "date": "2015-12-31",
    "symbol": "BX",
    "reportedCurrency": "USD",
    "cik": "0001393818",
    "fillingDate": "2016-02-26",
    "acceptedDate": "2016-02-26 16:13:36",
    "calendarYear": "2015",
    "period": "FY",
    "revenue": 4502030000,
    "costOfRevenue": 0,
    "grossProfit": 4502030000,
    "grossProfitRatio": 1,
    "researchAndDevelopmentExpenses": 0,
    "generalAndAdministrativeExpenses": 655602000,
    "sellingAndMarketingExpenses": 1726191000,
    "sellingGeneralAndAdministrativeExpenses": 2381793000,
    "otherExpenses": 0,
    "operatingExpenses": 2381793000,
    "costAndExpenses": 2381793000,
    "interestIncome": 0,
    "interestExpense": 0,
    "depreciationAndAmortization": 0,
    "ebitda": 2120237000,
    "ebitdaratio": 0.4709513264,
    "operatingIncome": 2120237000,
    "operatingIncomeRatio": 0.4709513264,
    "totalOtherIncomeExpensesNet": -305489000,
    "incomeBeforeTax": 1814748000,
    "incomeBeforeTaxRatio": 0.4030954925,
    "incomeTaxExpense": 190398000,
    "netIncome": 709789000,
    "netIncomeRatio": 0.1576597668,
    "eps": 1.12,
    "epsdiluted": 1.04,
    "weightedAverageShsOut": 634337179,
    "weightedAverageShsOutDil": 1188085411,
    "link": "https://www.sec.gov/Archives/edgar/data/1393818/000119312516481948/0001193125-16-481948-index.htm",
    "finalLink": "https://www.sec.gov/Archives/edgar/data/1393818/000119312516481948/d129194d10k.htm"
  }
]