[
  {
    "date": "2024-12-31",
    "symbol": "BX",
    "reportedCurrency": "USD",
    "cik": "0001393818",
    "fillingDate": "2025-02-28",
    "acceptedDate": "2025-02-28 16:06:07",
    "calendarYear": "2024",
    "period": "Q4",
    "revenue": 2811479000,
    "costOfRevenue": 0,
    "grossProfit": 2811479000,
    "grossProfitRatio": 1,
    "researchAndDevelopmentExpenses": 0,
    "generalAndAdministrativeExpenses": 345382000,
    "sellingAndMarketingExpenses": 1039203000,
    "sellingGeneralAndAdministrativeExpenses": 1384585000,
    "otherExpenses": 0,
    "operatingExpenses": 1384585000,
    "costAndExpenses": 1384585000,
    "interestIncome": 0,
    "interestExpense": 0,
    "depreciationAndAmortization": 0,
    "ebitda": 1426894000,
    "ebitdaratio": 0.5075243315,
    "operatingIncome": 1426894000,
    "operatingIncomeRatio": 0.5075243315,
    "totalOtherIncomeExpensesNet": 134383000,
    "incomeBeforeTax": 1561277000,
    "incomeBeforeTaxRatio": 0.5553223054,
    "incomeTaxExpense": 232451000,
    "netIncome": 703873000,
    "netIncomeRatio": 0.2503568407,
    "eps": 0.92,
    "epsdiluted": 0.91,
    "weightedAverageShsOut": 768689957,
    "weightedAverageShsOutDil": 768769985,
    "link": "https://www.sec.gov/Archives/edgar/data/1393818/000119312525042469/0001193125-25-042469-index.htm",
    "finalLink": "https://www.sec.gov/Archives/edgar/data/1393818/000119312525042469/d912273d10k.htm"
  },
  {
    "date": "2024-09-30",
    "symbol": "BX",
    "reportedCurrency": "USD",
    "cik": "0001393818",
    "fillingDate": "2024-11-01",
    "acceptedDate": "2024-11-01 16:02:39",
    "calendarYear": "2024",
    "period": "Q3",
    "revenue": 3648169000,
    "costOfRevenue": 0,
    "grossProfit": 3648169000,
    "grossProfitRatio": 1,
    "researchAndDevelopmentExpenses": 0,
    "generalAndAdministrativeExpenses": 344415000,
    "sellingAndMarketingExpenses": 1440344000,
    "sellingGeneralAndAdministrativeExpenses": 1784759000,
    "otherExpenses": 0,
    "operatingExpenses": 1784759000,
    "costAndExpenses": 1784759000,
    "interestIncome": 0,
    "interestExpense": 0,
    "depreciationAndAmortization": 0,
    "ebitda": 1863410000,
    "ebitdaratio": 0.5107795171,
    "operatingIncome": 1863410000,
    "operatingIncomeRatio": 0.5107795171,
    "totalOtherIncomeExpensesNet": -53470000,
    "incomeBeforeTax": 1809940000,
    "incomeBeforeTaxRatio": 0.4961228496,
    "incomeTaxExpense": 245303000,
    "netIncome": 780835000,
    "netIncomeRatio": 0.2140347665,
    "eps": 1.02,
    "epsdiluted": 1.02,
    "weightedAverageShsOut": 768230595,
    "weightedAverageShsOutDil": 768280366,
    "link": "https://www.sec.gov/Archives/edgar/data/1393818/000119312524249809/0001193125-24-249809-index.htm",
    "finalLink": "https://www.sec.gov/Archives/edgar/data/1393818/000119312524249809/d896208d10q.htm"
  },
  {
    "date": "2024-06-30",
    "symbol": "BX",
    "reportedCurrency": "USD",
    "cik": "0001393818",
    "fillingDate": "2024-08-02",
    "acceptedDate": "2024-08-02 16:03:10",
    "calendarYear": "2024",
    "period": "Q2",
    "revenue": 2668134000,
    "costOfRevenue": 0,
    "grossProfit": 2668134000,
    "grossProfitRatio": 1,
    "researchAndDevelopmentExpenses": 0,
    "generalAndAdministrativeExpenses": 317888000,
    "sellingAndMarketingExpenses": 1206202000,
    "sellingGeneralAndAdministrativeExpenses": 1524090000,
    "otherExpenses": 0,
    "operatingExpenses": 1524090000,
    "costAndExpenses": 1524090000,
    "interestIncome": 0,
    "interestExpense": 0,
    "depreciationAndAmortization": 0,
    "ebitda": 1144044000,
    "ebitdaratio": 0.4287805635,
    "operatingIncome": 1144044000,
    "operatingIncomeRatio": 0.4287805635,
    "totalOtherIncomeExpensesNet": 64565000,
    "incomeBeforeTax": 1208609000,
    "incomeBeforeTaxRatio": 0.4529791232,
    "incomeTaxExpense": 260245999,
    "netIncome": 444414000,
    "netIncomeRatio": 0.1665635984,
    "eps": 0.58,
    "epsdiluted": 0.58,
    "weightedAverageShsOut": 769187351,
    "weightedAverageShsOutDil": 769234677,
    "link": "https://www.sec.gov/Archives/edgar/data/1393818/000119312524192846/0001193125-24-192846-index.htm",
    "finalLink": "https://www.sec.gov/Archives/edgar/data/1393818/000119312524192846/d844230d10q.htm"
  },
  {
    "date": "2024-03-31",
    "symbol": "BX",
    "reportedCurrency": "USD",
    "cik": "0001393818",
    "fillingDate": "2024-05-03",
    "acceptedDate": "2024-05-03 16:02:54",
    "calendarYear": "2024",
    "period": "Q1",
    "revenue": 3534805000,
    "costOfRevenue": 0,
    "grossProfit": 3534805000,
    "grossProfitRatio": 1,
    "researchAndDevelopmentExpenses": 0,
    "generalAndAdministrativeExpenses": 373900000,
    "sellingAndMarketingExpenses": 1308304000,
    "sellingGeneralAndAdministrativeExpenses": 1682204000,
    "otherExpenses": 0,
    "operatingExpenses": 1682204000,
    "costAndExpenses": 1682204000,
    "interestIncome": 0,
    "interestExpense": 0,
    "depreciationAndAmortization": 0,
    "ebitda": 1852601000,
    "ebitdaratio": 0.524102744,
    "operatingIncome": 1852601000,
    "operatingIncomeRatio": 0.524102744,
    "totalOtherIncomeExpensesNet": 27053000,
    "incomeBeforeTax": 1879654000,
    "incomeBeforeTaxRatio": 0.5317560658,
    "incomeTaxExpense": 283671000,
    "netIncome": 847386000,
    "netIncomeRatio": 0.2397263781,
    "eps": 1.12,
    "epsdiluted": 1.11,
    "weightedAverageShsOut": 759798537,
    "weightedAverageShsOutDil": 760257644,
    "link": "https://www.sec.gov/Archives/edgar/data/1393818/000119312524130670/0001193125-24-130670-index.htm",
    "finalLink": "https://www.sec.gov/Archives/edgar/data/1393818/000119312524130670/d806510d10q.htm"
  },
  {
    "date": "2023-12-31",
    "symbol": "BX",
    "reportedCurrency": "USD",
    "cik": "0001393818",
    "fillingDate": "2024-01-25",
    "acceptedDate": "2024-01-25 06:56:02",
    "calendarYear": "2023",
    "period": "Q4",
    "revenue": 1287168000,
    "costOfRevenue": 0,
    "grossProfit": 1287168000,
    "grossProfitRatio": 1,
    "researchAndDevelopmentExpenses": 0,
    "generalAndAdministrativeExpenses": 289760000,
    "sellingAndMarketingExpenses": 543078000,
    "sellingGeneralAndAdministrativeExpenses": 832838000,
    "otherExpenses": 0,
    "operatingExpenses": 832838000,
    "costAndExpenses": 832838000,
    "interestIncome": 0,
    "interestExpense": 0,
    "depreciationAndAmortization": 0,
    "ebitda": 454330000,
    "ebitdaratio": 0.3529686878,
    "operatingIncome": 454330000,
    "operatingIncomeRatio": 0.3529686878,
    "totalOtherIncomeExpensesNet": -299250000,
    "incomeBeforeTax": 155080000,
    "incomeBeforeTaxRatio": 0.1204815533,
    "incomeTaxExpense": 45957000,
    "netIncome": 151800000,
    "netIncomeRatio": 0.1179333234,
    "eps": 0.2,
    "epsdiluted": 0.2,
    "weightedAverageShsOut": 758151673,
    "weightedAverageShsOutDil": 758278385,
    "link": "https://www.sec.gov/Archives/edgar/data/1393818/000119312524044485/0001193125-24-044485-index.htm",
    "finalLink": "https://www.sec.gov/Archives/edgar/data/1393818/000119312524044485/d734131d10k.htm"
  },
  {
    "date": "2023-09-30",
    "symbol": "BX",
    "reportedCurrency": "USD",
    "cik": "0001393818",
    "fillingDate": "2023-11-03",
    "acceptedDate": "2023-11-03 16:02:56",
    "calendarYear": "2023",
    "period": "Q3",
    "revenue": 2366917000,
    "costOfRevenue": 0,
    "grossProfit": 2366917000,
    "grossProfitRatio": 1,
    "researchAndDevelopmentExpenses": 0,
    "generalAndAdministrativeExpenses": 318120000,
    "sellingAndMarketingExpenses": 946186000,
    "sellingGeneralAndAdministrativeExpenses": 1264306000,
    "otherExpenses": 0,
    "operatingExpenses": 1264306000,
    "costAndExpenses": 1264306000,
    "interestIncome": 0,
    "interestExpense": 0,
    "depreciationAndAmortization": 0,
    "ebitda": 1102611000,
    "ebitdaratio": 0.4658426975,
    "operatingIncome": 1102611000,
    "operatingIncomeRatio": 0.4658426975,
    "totalOtherIncomeExpensesNet": 14691000,
    "incomeBeforeTax": 1117302000,
    "incomeBeforeTaxRatio": 0.4720495057,
    "incomeTaxExpense": 196560000,
    "netIncome": 551994000,
    "netIncomeRatio": 0.2332122335,
    "eps": 0.73,
    "epsdiluted": 0.73,
    "weightedAverageShsOut": 757958602,
    "weightedAverageShsOutDil": 758046096,
    "link": "https://www.sec.gov/Archives/edgar/data/1393818/000119312523270358/0001193125-23-270358-index.htm",
    "finalLink": "https://www.sec.gov/Archives/edgar/data/1393818/000119312523270358/d547912d10q.htm"
  },
  {
    "date": "2023-06-30",
    "symbol": "BX",
    "reportedCurrency": "USD",
    "cik": "0001393818",
    "fillingDate": "2023-08-04",
    "acceptedDate": "2023-08-04 16:02:54",
    "calendarYear": "2023",
    "period": "Q2",
    "revenue": 2738259000,
    "costOfRevenue": 0,
    "grossProfit": 2738259000,
    "grossProfitRatio": 1,
    "researchAndDevelopmentExpenses": 0,
    "generalAndAdministrativeExpenses": 306619000,
    "sellingAndMarketingExpenses": 1060595000,
    "sellingGeneralAndAdministrativeExpenses": 1367214000,
    "otherExpenses": 0,
    "operatingExpenses": 1367214000,
    "costAndExpenses": 1367214000,
    "interestIncome": 0,
    "interestExpense": 0,
    "depreciationAndAmortization": 0,
    "ebitda": 1371045000,
    "ebitdaratio": 0.5006995321,
    "operatingIncome": 1371045000,
    "operatingIncomeRatio": 0.5006995321,
    "totalOtherIncomeExpensesNet": 55931000,
    "incomeBeforeTax": 1426976000,
    "incomeBeforeTaxRatio": 0.5211252844,
    "incomeTaxExpense": 223269000,
    "netIncome": 601274000,
    "netIncomeRatio": 0.2195825888,
    "eps": 0.79,
    "epsdiluted": 0.79,
    "weightedAverageShsOut": 758479943,
    "weightedAverageShsOutDil": 758548248,
    "link": "https://www.sec.gov/Archives/edgar/data/1393818/000119312523203835/0001193125-23-203835-index.htm",
    "finalLink": "https://www.sec.gov/Archives/edgar/data/1393818/000119312523203835/d868231d10q.htm"
  },
  {
    "date": "2023-03-31",
    "symbol": "BX",
    "reportedCurrency": "USD",
    "cik": "0001393818",
    "fillingDate": "2023-05-05",
    "acceptedDate": "2023-05-05 16:03:03",
    "calendarYear": "2023",
    "period": "Q1",
    "revenue": 1291558000,
    "costOfRevenue": 0,
    "grossProfit": 1291558000,
    "grossProfitRatio": 1,
    "researchAndDevelopmentExpenses": 0,
    "generalAndAdministrativeExpenses": 321793000,
    "sellingAndMarketingExpenses": 763111000,
    "sellingGeneralAndAdministrativeExpenses": 1084904000,
    "otherExpenses": 0,
    "operatingExpenses": 1084904000,
    "costAndExpenses": 1084904000,
    "interestIncome": 0,
    "interestExpense": 0,
    "depreciationAndAmortization": 0,
    "ebitda": 206654000,
    "ebitdaratio": 0.1600036545,
    "operatingIncome": 206654000,
    "operatingIncomeRatio": 0.1600036545,
    "totalOtherIncomeExpensesNet": 51702000,
    "incomeBeforeTax": 258356000,
    "incomeBeforeTaxRatio": 0.2000343771,
    "incomeTaxExpense": 47675000,
    "netIncome": 85812000,
    "netIncomeRatio": 0.0664406864,
    "eps": 0.12,
    "epsdiluted": 0.11,
    "weightedAverageShsOut": 746064922,
    "weightedAverageShsOutDil": 746643929,
    "link": "https://www.sec.gov/Archives/edgar/data/1393818/000119312523137073/0001193125-23-137073-index.htm",
    "finalLink": "https://www.sec.gov/Archives/edgar/data/1393818/000119312523137073/d480850d10q.htm"
  },
  {
    "date": "2022-12-31",
    "symbol": "BX",
    "reportedCurrency": "USD",
    "cik": "0001393818",
    "fillingDate": "2023-02-24",
    "acceptedDate": "2023-02-24 16:04:44",
    "calendarYear": "2022",
    "period": "Q4",
    "revenue": 1847012000,
    "costOfRevenue": 0,
    "grossProfit": 1847012000,
    "grossProfitRatio": 1,
    "researchAndDevelopmentExpenses": 0,
    "generalAndAdministrativeExpenses": 310871000,
    "sellingAndMarketingExpenses": 659329000,
    "sellingGeneralAndAdministrativeExpenses": 970200000,
    "otherExpenses": 0,
    "operatingExpenses": 970200000,
    "costAndExpenses": 970200000,
    "interestIncome": 0,
    "interestExpense": 0,
    "depreciationAndAmortization": 0,
    "ebitda": 876812000,
    "ebitdaratio": 0.474719168,
    "operatingIncome": 876812000,
    "operatingIncomeRatio": 0.474719168,
    "totalOtherIncomeExpensesNet": -274617000,
    "incomeBeforeTax": 602195000,
    "incomeBeforeTaxRatio": 0.3260374053,
    "incomeTaxExpense": 141146000,
    "netIncome": 557854000,
    "netIncomeRatio": 0.3020305228,
    "eps": 0.75,
    "epsdiluted": 0.75,
    "weightedAverageShsOut": 742742919,
    "weightedAverageShsOutDil": 742929727,
    "link": "https://www.sec.gov/Archives/edgar/data/1393818/000119312523048733/0001193125-23-048733-index.htm",
    "finalLink": "https://www.sec.gov/Archives/edgar/data/1393818/000119312523048733/d459795d10k.htm"
  },
  {
    "date": "2022-09-30",
    "symbol": "BX",
    "reportedCurrency": "USD",
    "cik": "0001393818",
    "fillingDate": "2022-11-04",
    "acceptedDate": "2022-11-04 16:09:04",
    "calendarYear": "2022",
    "period": "Q3",
    "revenue": 778225000,
    "costOfRevenue": 0,
    "grossProfit": 778225000,
    "grossProfitRatio": 1,
    "researchAndDevelopmentExpenses": 0,
    "generalAndAdministrativeExpenses": 275886000,
    "sellingAndMarketingExpenses": 604968000,
    "sellingGeneralAndAdministrativeExpenses": 880854000,
    "otherExpenses": 0,
    "operatingExpenses": 880854000,
    "costAndExpenses": 880854000,
    "interestIncome": 0,
    "interestExpense": 0,
    "depreciationAndAmortization": 0,
    "ebitda": -102629000,
    "ebitdaratio": -0.1318757429,
    "operatingIncome": -102629000,
    "operatingIncomeRatio": -0.1318757429,
    "totalOtherIncomeExpensesNet": 200560000,
    "incomeBeforeTax": 97931000,
    "incomeBeforeTaxRatio": 0.1258389283,
    "incomeTaxExpense": 94231000,
    "netIncome": 2296000,
    "netIncomeRatio": 0.0029503036,
    "eps": 0.0031,
    "epsdiluted": 0.0031,
    "weightedAverageShsOut": 742345646,
    "weightedAverageShsOutDil": 742495532,
    "link": "https://www.sec.gov/Archives/edgar/data/1393818/000119312522277894/0001193125-22-277894-index.htm",
    "finalLink": "https://www.sec.gov/Archives/edgar/data/1393818/000119312522277894/d354082d10q.htm"
  },
  {
    "date": "2022-06-30",
    "symbol": "BX",
    "reportedCurrency": "USD",
    "cik": "0001393818",
    "fillingDate": "2022-08-05",
    "acceptedDate": "2022-08-05 16:03:40",
    "calendarYear": "2022",
    "period": "Q2",
    "revenue": 404078000,
    "costOfRevenue": 0,
    "grossProfit": 404078000,
    "grossProfitRatio": 1,
    "researchAndDevelopmentExpenses": 0,
    "generalAndAdministrativeExpenses": 293723000,
    "sellingAndMarketingExpenses": 380748000,
    "sellingGeneralAndAdministrativeExpenses": 674471000,
    "otherExpenses": 0,
    "operatingExpenses": 674471000,
    "costAndExpenses": 674471000,
    "interestIncome": 0,
    "interestExpense": 0,
    "depreciationAndAmortization": 0,
    "ebitda": -270393000,
    "ebitdaratio": -0.6691604096,
    "operatingIncome": -270393000,
    "operatingIncomeRatio": -0.6691604096,
    "totalOtherIncomeExpensesNet": 51161000,
    "incomeBeforeTax": -219232000,
    "incomeBeforeTaxRatio": -0.5425487158,
    "incomeTaxExpense": 36514000,
    "netIncome": -29393000,
    "netIncomeRatio": -0.0727409065,
    "eps": -0.0416,
    "epsdiluted": -0.0416,
    "weightedAverageShsOut": 707382293,
    "weightedAverageShsOutDil": 707382293,
    "link": "https://www.sec.gov/Archives/edgar/data/1393818/000119312522213575/0001193125-22-213575-index.htm",
    "finalLink": "https://www.sec.gov/Archives/edgar/data/1393818/000119312522213575/d344950d10q.htm"
  },
  {
    "date": "2022-03-31",
    "symbol": "BX",
    "reportedCurrency": "USD",
    "cik": "0001393818",
    "fillingDate": "2022-05-05",
    "acceptedDate": "2022-05-05 16:02:55",
    "calendarYear": "2022",
    "period": "Q1",
    "revenue": 4986833000,
    "costOfRevenue": 0,
    "grossProfit": 4986833000,
    "grossProfitRatio": 1,
    "researchAndDevelopmentExpenses": 0,
    "generalAndAdministrativeExpenses": 242866000,
    "sellingAndMarketingExpenses": 1887409000,
    "sellingGeneralAndAdministrativeExpenses": 2130275000,
    "otherExpenses": 0,
    "operatingExpenses": 2130275000,
    "costAndExpenses": 2130275000,
    "interestIncome": 0,
    "interestExpense": 0,
    "depreciationAndAmortization": 0,
    "ebitda": 2856558000,
    "ebitdaratio": 0.5728200644,
    "operatingIncome": 2856558000,
    "operatingIncomeRatio": 0.5728200644,
    "totalOtherIncomeExpensesNet": 124337000,
    "incomeBeforeTax": 2980895000,
    "incomeBeforeTaxRatio": 0.5977531231,
    "incomeTaxExpense": 483281000,
    "netIncome": 1216874000,
    "netIncomeRatio": 0.2440173954,
    "eps": 1.58,
    "epsdiluted": 1.58,
    "weightedAverageShsOut": 734327015,
    "weightedAverageShsOutDil": 734966915,
    "link": "https://www.sec.gov/Archives/edgar/data/1393818/000119312522142277/0001193125-22-142277-index.htm",
    "finalLink": "https://www.sec.gov/Archives/edgar/data/1393818/000119312522142277/d321316d10q.htm"
  },
  {
    "date": "2021-12-31",
    "symbol": "BX",
    "reportedCurrency": "USD",
    "cik": "0001393818",
    "fillingDate": "2022-02-25",
    "acceptedDate": "2022-02-25 16:18:56",
    "calendarYear": "2021",
    "period": "Q4",
    "revenue": 5655408000,
    "costOfRevenue": 0,
    "grossProfit": 5655408000,
    "grossProfitRatio": 1,
    "researchAndDevelopmentExpenses": 0,
    "generalAndAdministrativeExpenses": 312632000,
    "sellingAndMarketingExpenses": 576032000,
    "sellingGeneralAndAdministrativeExpenses": 888664000,
    "otherExpenses": 0,
    "operatingExpenses": 888664000,
    "costAndExpenses": 888664000,
    "interestIncome": 0,
    "interestExpense": 0,
    "depreciationAndAmortization": 0,
    "ebitda": 4766744000,
    "ebitdaratio": 0.8428647411,
    "operatingIncome": 4766744000,
    "operatingIncomeRatio": 0.8428647411,
    "totalOtherIncomeExpensesNet": -1388681000,
    "incomeBeforeTax": 3378063000,
    "incomeBeforeTaxRatio": 0.5973155252,
    "incomeTaxExpense": 437694000,
    "netIncome": 1398478000,
    "netIncomeRatio": 0.2472815401,
    "eps": 1.91,
    "epsdiluted": 1.91,
    "weightedAverageShsOut": 726445206,
    "weightedAverageShsOutDil": 726445206,
    "link": "https://www.sec.gov/Archives/edgar/data/1393818/000119312522054433/0001193125-22-054433-index.htm",
    "finalLink": "https://www.sec.gov/Archives/edgar/data/1393818/000119312522054433/d299999d10k.htm"
  },
  {
    "date": "2021-09-30",
    "symbol": "BX",
    "reportedCurrency": "USD",
    "cik": "0001393818",
    "fillingDate": "2021-11-04",
    "acceptedDate": "2021-11-04 16:03:28",
    "calendarYear": "2021",
    "period": "Q3",
    "revenue": 6107665000,
    "costOfRevenue": 0,
    "grossProfit": 6107665000,
    "grossProfitRatio": 1,
    "researchAndDevelopmentExpenses": 0,
    "generalAndAdministrativeExpenses": 219255000,
    "sellingAndMarketingExpenses": 536199000,
    "sellingGeneralAndAdministrativeExpenses": 755454000,
    "otherExpenses": 0,
    "operatingExpenses": 755454000,
    "costAndExpenses": 755454000,
    "interestIncome": 0,
    "interestExpense": 0,
    "depreciationAndAmortization": 0,
    "ebitda": 5352211000,
    "ebitdaratio": 0.8763105049,
    "operatingIncome": 5352211000,
    "operatingIncomeRatio": 0.8763105049,
    "totalOtherIncomeExpensesNet": -1687314000,
    "incomeBeforeTax": 3664897000,
    "incomeBeforeTaxRatio": 0.6000487912,
    "incomeTaxExpense": 458904000,
    "netIncome": 1401895000,
    "netIncomeRatio": 0.2295304343,
    "eps": 1.94,
    "epsdiluted": 1.94,
    "weightedAverageShsOut": 722229117,
    "weightedAverageShsOutDil": 722433099,
    "link": "https://www.sec.gov/Archives/edgar/data/1393818/000119312521320119/0001193125-21-320119-index.htm",
    "finalLink": "https://www.sec.gov/Archives/edgar/data/1393818/000119312521320119/d164309d10q.htm"
  },
  {
    "date": "2021-06-30",
    "symbol": "BX",
    "reportedCurrency": "USD",
    "cik": "0001393818",
    "fillingDate": "2021-08-06",
    "acceptedDate": "2021-08-06 16:03:02",
    "calendarYear": "2021",
    "period": "Q2",
    "revenue": 5219136000,
    "costOfRevenue": 0,
    "grossProfit": 5219136000,
    "grossProfitRatio": 1,
    "researchAndDevelopmentExpenses": 0,
    "generalAndAdministrativeExpenses": 208831000,
    "sellingAndMarketingExpenses": 507104000,
    "sellingGeneralAndAdministrativeExpenses": 715935000,
    "otherExpenses": 0,
    "operatingExpenses": 715935000,
    "costAndExpenses": 715935000,
    "interestIncome": 0,
    "interestExpense": 0,
    "depreciationAndAmortization": 0,
    "ebitda": 4503201000,
    "ebitdaratio": 0.8628249963,
    "operatingIncome": 4503201000,
    "operatingIncomeRatio": 0.8628249963,
    "totalOtherIncomeExpensesNet": -1357453000,
    "incomeBeforeTax": 3145748000,
    "incomeBeforeTaxRatio": 0.6027334793,
    "incomeTaxExpense": 288250000,
    "netIncome": 1309152000,
    "netIncomeRatio": 0.2508369201,
    "eps": 1.82,
    "epsdiluted": 1.82,
    "weightedAverageShsOut": 721141954,
    "weightedAverageShsOutDil": 721265180,
    "link": "https://www.sec.gov/Archives/edgar/data/1393818/000119312521239233/0001193125-21-239233-index.htm",
    "finalLink": "https://www.sec.gov/Archives/edgar/data/1393818/000119312521239233/d188135d10q.htm"
  },
  {
    "date": "2021-03-31",
    "symbol": "BX",
    "reportedCurrency": "USD",
    "cik": "0001393818",
    "fillingDate": "2021-05-07",
    "acceptedDate": "2021-05-07 16:03:53",
    "calendarYear": "2021",
    "period": "Q1",
    "revenue": 5193585000,
    "costOfRevenue": 0,
    "grossProfit": 5193585000,
    "grossProfitRatio": 1,
    "researchAndDevelopmentExpenses": 0,
    "generalAndAdministrativeExpenses": 187505000,
    "sellingAndMarketingExpenses": 542638000,
    "sellingGeneralAndAdministrativeExpenses": 730143000,
    "otherExpenses": 0,
    "operatingExpenses": 730143000,
    "costAndExpenses": 730143000,
    "interestIncome": 0,
    "interestExpense": 0,
    "depreciationAndAmortization": 0,
    "ebitda": 4463442000,
    "ebitdaratio": 0.8594144507,
    "operatingIncome": 4463442000,
    "operatingIncomeRatio": 0.8594144507,
    "totalOtherIncomeExpensesNet": -1092754000,
    "incomeBeforeTax": 3370688000,
    "incomeBeforeTaxRatio": 0.6490098843,
    "incomeTaxExpense": 447000,
    "netIncome": 1747872000,
    "netIncomeRatio": 0.3365444101,
    "eps": 2.46,
    "epsdiluted": 2.46,
    "weightedAverageShsOut": 709033212,
    "weightedAverageShsOutDil": 709912344,
    "link": "https://www.sec.gov/Archives/edgar/data/1393818/000119312521154893/0001193125-21-154893-index.htm",
    "finalLink": "https://www.sec.gov/Archives/edgar/data/1393818/000119312521154893/d174285d10q.htm"
  },
  {
    "date": "2020-12-31",
    "symbol": "BX",
    "reportedCurrency": "USD",
    "cik": "0001393818",
    "fillingDate": "2021-02-26",
    "acceptedDate": "2021-02-26 16:06:18",
    "calendarYear": "2020",
    "period": "Q4",
    "revenue": 3726805000,
    "costOfRevenue": 0,
    "grossProfit": 3726805000,
    "grossProfitRatio": 1,
    "researchAndDevelopmentExpenses": 0,
    "generalAndAdministrativeExpenses": 216026000,
    "sellingAndMarketingExpenses": 459636000,
    "sellingGeneralAndAdministrativeExpenses": 675662000,
    "otherExpenses": 0,
    "operatingExpenses": 675662000,
    "costAndExpenses": 675662000,
    "interestIncome": 0,
    "interestExpense": 0,
    "depreciationAndAmortization": 0,
    "ebitda": 3051143000,
    "ebitdaratio": 0.8187020786,
    "operatingIncome": 3051143000,
    "operatingIncomeRatio": 0.8187020786,
    "totalOtherIncomeExpensesNet": -970637001,
    "incomeBeforeTax": 2080505999,
    "incomeBeforeTaxRatio": 0.5582545905,
    "incomeTaxExpense": 266341999,
    "netIncome": 748870000,
    "netIncomeRatio": 0.2009415572,
    "eps": 1.06,
    "epsdiluted": 1.06,
    "weightedAverageShsOut": 700184580,
    "weightedAverageShsOutDil": 700184580,
    "link": "https://www.sec.gov/Archives/edgar/data/1393818/000119312521060361/0001193125-21-060361-index.htm",
    "finalLink": "https://www.sec.gov/Archives/edgar/data/1393818/000119312521060361/d105584d10k.htm"
  },
  {
    "date": "2020-09-30",
    "symbol": "BX",
    "reportedCurrency": "USD",
    "cik": "0001393818",
    "fillingDate": "2020-11-06",
    "acceptedDate": "2020-11-06 16:09:37",
    "calendarYear": "2020",
    "period": "Q3",
    "revenue": 3185517000,
    "costOfRevenue": 0,
    "grossProfit": 3185517000,
    "grossProfitRatio": 1,
    "researchAndDevelopmentExpenses": 0,
    "generalAndAdministrativeExpenses": 173315000,
    "sellingAndMarketingExpenses": 460983000,
    "sellingGeneralAndAdministrativeExpenses": 634298000,
    "otherExpenses": 0,
    "operatingExpenses": 634298000,
    "costAndExpenses": 634298000,
    "interestIncome": 0,
    "interestExpense": 0,
    "depreciationAndAmortization": 0,
    "ebitda": 2551219000,
    "ebitdaratio": 0.8008806734,
    "operatingIncome": 2551219000,
    "operatingIncomeRatio": 0.8008806734,
    "totalOtherIncomeExpensesNet": -750108000,
    "incomeBeforeTax": 1801111000,
    "incomeBeforeTaxRatio": 0.5654061805,
    "incomeTaxExpense": 100960000,
    "netIncome": 794719000,
    "netIncomeRatio": 0.249478813,
    "eps": 1.13,
    "epsdiluted": 1.13,
    "weightedAverageShsOut": 700184580,
    "weightedAverageShsOutDil": 700527966,
    "link": "https://www.sec.gov/Archives/edgar/data/1393818/000119312520287978/0001193125-20-287978-index.htm",
    "finalLink": "https://www.sec.gov/Archives/edgar/data/1393818/000119312520287978/d19352d10q.htm"
  },
  {
    "date": "2020-06-30",
    "symbol": "BX",
    "reportedCurrency": "USD",
    "cik": "0001393818",
    "fillingDate": "2020-08-07",
    "acceptedDate": "2020-08-07 19:59:04",
    "calendarYear": "2020",
    "period": "Q2",
    "revenue": 2532373000,
    "costOfRevenue": 0,
    "grossProfit": 2532373000,
    "grossProfitRatio": 1,
    "researchAndDevelopmentExpenses": 0,
    "generalAndAdministrativeExpenses": 173134000,
    "sellingAndMarketingExpenses": 458457000,
    "sellingGeneralAndAdministrativeExpenses": 631591000,
    "otherExpenses": 0,
    "operatingExpenses": 631591000,
    "costAndExpenses": 631591000,
    "interestIncome": 0,
    "interestExpense": 0,
    "depreciationAndAmortization": 0,
    "ebitda": 1900782000,
    "ebitdaratio": 0.7505932183,
    "operatingIncome": 1900782000,
    "operatingIncomeRatio": 0.7505932183,
    "totalOtherIncomeExpensesNet": -399021000,
    "incomeBeforeTax": 1501761000,
    "incomeBeforeTaxRatio": 0.5930251981,
    "incomeTaxExpense": 147415000,
    "netIncome": 568266000,
    "netIncomeRatio": 0.2244005919,
    "eps": 0.81,
    "epsdiluted": 0.81,
    "weightedAverageShsOut": 698534168,
    "weightedAverageShsOutDil": 1204411957,
    "link": "https://www.sec.gov/Archives/edgar/data/1393818/000119312520213629/0001193125-20-213629-index.htm",
    "finalLink": "https://www.sec.gov/Archives/edgar/data/1393818/000119312520213629/d26758d10q.htm"
  },
  {
    "date": "2020-03-31",
    "symbol": "BX",
    "reportedCurrency": "USD",
    "cik": "0001393818",
    "fillingDate": "2020-05-08",
    "acceptedDate": "2020-05-08 16:14:15",
    "calendarYear": "2020",
    "period": "Q1",
    "revenue": -3255788000,
    "costOfRevenue": 0,
    "grossProfit": -3255788000,
    "grossProfitRatio": 1,
    "researchAndDevelopmentExpenses": 0,
    "generalAndAdministrativeExpenses": 162171000,
    "sellingAndMarketingExpenses": 476543000,
    "sellingGeneralAndAdministrativeExpenses": 638714000,
    "otherExpenses": 0,
    "operatingExpenses": 638714000,
    "costAndExpenses": 638714000,
    "interestIncome": 0,
    "interestExpense": 0,
    "depreciationAndAmortization": 0,
    "ebitda": -3894502000,
    "ebitdaratio": 1.1961780067,
    "operatingIncome": -3894502000,
    "operatingIncomeRatio": 1.1961780067,
    "totalOtherIncomeExpensesNet": 1128644000,
    "incomeBeforeTax": -2765858000,
    "incomeBeforeTaxRatio": 0.8495203005,
    "incomeTaxExpense": 158703000,
    "netIncome": -1066492000,
    "netIncomeRatio": 0.3275680112,
    "eps": -1.55,
    "epsdiluted": -1.55,
    "weightedAverageShsOut": 674995363,
    "weightedAverageShsOutDil": 676305359,
    "link": "https://www.sec.gov/Archives/edgar/data/1393818/000119312520137560/0001193125-20-137560-index.htm",
    "finalLink": "https://www.sec.gov/Archives/edgar/data/1393818/000119312520137560/d920035d10q.htm"
  }
]