[
  {
    "date": "2024-12-31",
    "symbol": "HON",
    "reportedCurrency": "USD",
    "cik": "0000773840",
    "fillingDate": "2025-02-14",
    "acceptedDate": "2025-02-14 14:50:25",
    "calendarYear": "2024",
    "period": "FY",
    "revenue": 38498000000,
    "costOfRevenue": 23836000000,
    "grossProfit": 14662000000,
    "grossProfitRatio": 0.3808509533,
    "researchAndDevelopmentExpenses": 1536000000,
    "generalAndAdministrativeExpenses": 0,
    "sellingAndMarketingExpenses": 0,
    "sellingGeneralAndAdministrativeExpenses": 5466000000,
    "otherExpenses": 447000000,
    "operatingExpenses": 7449000000,
    "costAndExpenses": 31285000000,
    "interestIncome": 426000000,
    "interestExpense": 1058000000,
    "depreciationAndAmortization": 1334000000,
    "ebitda": 9605000000,
    "ebitdaratio": 0.2494934802,
    "operatingIncome": 7213000000,
    "operatingIncomeRatio": 0.1873603824,
    "totalOtherIncomeExpensesNet": 0,
    "incomeBeforeTax": 7213000000,
    "incomeBeforeTaxRatio": 0.1873603824,
    "incomeTaxExpense": 1508000000,
    "netIncome": 5705000000,
    "netIncomeRatio": 0.1481895163,
    "eps": 8.76,
    "epsdiluted": 8.71,
    "weightedAverageShsOut": 650900000,
    "weightedAverageShsOutDil": 655300000,
    "link": "https://www.sec.gov/Archives/edgar/data/773840/000077384025000010/0000773840-25-000010-index.htm",
    "finalLink": "https://www.sec.gov/Archives/edgar/data/773840/000077384025000010/hon-20241231.htm"
  },
  {
    "date": "2023-12-31",
    "symbol": "HON",
    "reportedCurrency": "USD",
    "cik": "0000773840",
    "fillingDate": "2024-02-16",
    "acceptedDate": "2024-02-16 13:40:36",
    "calendarYear": "2023",
    "period": "FY",
    "revenue": 36662000000,
    "costOfRevenue": 22995000000,
    "grossProfit": 13667000000,
    "grossProfitRatio": 0.3727838088,
    "researchAndDevelopmentExpenses": 1456000000,
    "generalAndAdministrativeExpenses": 4657000000,
    "sellingAndMarketingExpenses": 0,
    "sellingGeneralAndAdministrativeExpenses": 4657000000,
    "otherExpenses": 0,
    "operatingExpenses": 6583000000,
    "costAndExpenses": 29108000000,
    "interestIncome": 321000000,
    "interestExpense": 765000000,
    "depreciationAndAmortization": 1176000000,
    "ebitda": 8730000000,
    "ebitdaratio": 0.2381212154,
    "operatingIncome": 7554000000,
    "operatingIncomeRatio": 0.2060444057,
    "totalOtherIncomeExpensesNet": -395000000,
    "incomeBeforeTax": 7159000000,
    "incomeBeforeTaxRatio": 0.1952703071,
    "incomeTaxExpense": 1487000000,
    "netIncome": 5658000000,
    "netIncomeRatio": 0.1543287327,
    "eps": 8.53,
    "epsdiluted": 8.47,
    "weightedAverageShsOut": 663000000,
    "weightedAverageShsOutDil": 668200000,
    "link": "https://www.sec.gov/Archives/edgar/data/773840/000077384024000014/0000773840-24-000014-index.htm",
    "finalLink": "https://www.sec.gov/Archives/edgar/data/773840/000077384024000014/hon-20231231.htm"
  },
  {
    "date": "2022-12-31",
    "symbol": "HON",
    "reportedCurrency": "USD",
    "cik": "0000773840",
    "fillingDate": "2023-02-10",
    "acceptedDate": "2023-02-10 14:09:31",
    "calendarYear": "2022",
    "period": "FY",
    "revenue": 35466000000,
    "costOfRevenue": 23825000000,
    "grossProfit": 11641000000,
    "grossProfitRatio": 0.3282298539,
    "researchAndDevelopmentExpenses": 1478000000,
    "generalAndAdministrativeExpenses": 4571000000,
    "sellingAndMarketingExpenses": 643000000,
    "sellingGeneralAndAdministrativeExpenses": 5214000000,
    "otherExpenses": 366000000,
    "operatingExpenses": 5214000000,
    "costAndExpenses": 29039000000,
    "interestIncome": 138000000,
    "interestExpense": 414000000,
    "depreciationAndAmortization": 1204000000,
    "ebitda": 7997000000,
    "ebitdaratio": 0.2254835617,
    "operatingIncome": 6793000000,
    "operatingIncomeRatio": 0.1915355552,
    "totalOtherIncomeExpensesNet": -691000000,
    "incomeBeforeTax": 6379000000,
    "incomeBeforeTaxRatio": 0.1798624034,
    "incomeTaxExpense": 1412000000,
    "netIncome": 4966000000,
    "netIncomeRatio": 0.140021429,
    "eps": 7.33,
    "epsdiluted": 7.27,
    "weightedAverageShsOut": 677100000,
    "weightedAverageShsOutDil": 683100000,
    "link": "https://www.sec.gov/Archives/edgar/data/773840/000077384023000013/0000773840-23-000013-index.htm",
    "finalLink": "https://www.sec.gov/Archives/edgar/data/773840/000077384023000013/hon-20221231.htm"
  },
  {
    "date": "2021-12-31",
    "symbol": "HON",
    "reportedCurrency": "USD",
    "cik": "0000773840",
    "fillingDate": "2022-02-11",
    "acceptedDate": "2022-02-11 12:37:32",
    "calendarYear": "2021",
    "period": "FY",
    "revenue": 34392000000,
    "costOfRevenue": 23394000000,
    "grossProfit": 10998000000,
    "grossProfitRatio": 0.3197836706,
    "researchAndDevelopmentExpenses": 1333000000,
    "generalAndAdministrativeExpenses": 3525000000,
    "sellingAndMarketingExpenses": 1273000000,
    "sellingGeneralAndAdministrativeExpenses": 4798000000,
    "otherExpenses": 1378000000,
    "operatingExpenses": 4798000000,
    "costAndExpenses": 28192000000,
    "interestIncome": 102000000,
    "interestExpense": 343000000,
    "depreciationAndAmortization": 1223000000,
    "ebitda": 8801000000,
    "ebitdaratio": 0.2559025355,
    "operatingIncome": 7578000000,
    "operatingIncomeRatio": 0.22034194,
    "totalOtherIncomeExpensesNet": -238000000,
    "incomeBeforeTax": 7235000000,
    "incomeBeforeTaxRatio": 0.2103686904,
    "incomeTaxExpense": 1625000000,
    "netIncome": 5542000000,
    "netIncomeRatio": 0.1611421261,
    "eps": 8.01,
    "epsdiluted": 7.91,
    "weightedAverageShsOut": 692300000,
    "weightedAverageShsOutDil": 700400000,
    "link": "https://www.sec.gov/Archives/edgar/data/773840/000077384022000018/0000773840-22-000018-index.htm",
    "finalLink": "https://www.sec.gov/Archives/edgar/data/773840/000077384022000018/hon-20211231.htm"
  },
  {
    "date": "2020-12-31",
    "symbol": "HON",
    "reportedCurrency": "USD",
    "cik": "0000773840",
    "fillingDate": "2021-02-12",
    "acceptedDate": "2021-02-12 14:31:39",
    "calendarYear": "2020",
    "period": "FY",
    "revenue": 32637000000,
    "costOfRevenue": 22169000000,
    "grossProfit": 10468000000,
    "grossProfitRatio": 0.3207402641,
    "researchAndDevelopmentExpenses": 1334000000,
    "generalAndAdministrativeExpenses": 3814000000,
    "sellingAndMarketingExpenses": 958000000,
    "sellingGeneralAndAdministrativeExpenses": 4772000000,
    "otherExpenses": 675000000,
    "operatingExpenses": 4772000000,
    "costAndExpenses": 26941000000,
    "interestIncome": 107000000,
    "interestExpense": 359000000,
    "depreciationAndAmortization": 1002000000,
    "ebitda": 7373000000,
    "ebitdaratio": 0.2259092441,
    "operatingIncome": 6371000000,
    "operatingIncomeRatio": 0.1952078929,
    "totalOtherIncomeExpensesNet": 316000000,
    "incomeBeforeTax": 6012000000,
    "incomeBeforeTaxRatio": 0.1842081074,
    "incomeTaxExpense": 1147000000,
    "netIncome": 4779000000,
    "netIncomeRatio": 0.1464288997,
    "eps": 6.79,
    "epsdiluted": 6.72,
    "weightedAverageShsOut": 704100000,
    "weightedAverageShsOutDil": 711200000,
    "link": "https://www.sec.gov/Archives/edgar/data/773840/000077384021000015/0000773840-21-000015-index.htm",
    "finalLink": "https://www.sec.gov/Archives/edgar/data/773840/000077384021000015/hon-20201231.htm"
  },
  {
    "date": "2019-12-31",
    "symbol": "HON",
    "reportedCurrency": "USD",
    "cik": "0000773840",
    "fillingDate": "2020-02-14",
    "acceptedDate": "2020-02-14 13:25:35",
    "calendarYear": "2019",
    "period": "FY",
    "revenue": 36709000000,
    "costOfRevenue": 24339000000,
    "grossProfit": 12370000000,
    "grossProfitRatio": 0.3369745839,
    "researchAndDevelopmentExpenses": 1556000000,
    "generalAndAdministrativeExpenses": 0,
    "sellingAndMarketingExpenses": 0,
    "sellingGeneralAndAdministrativeExpenses": 5519000000,
    "otherExpenses": 1065000000,
    "operatingExpenses": 5519000000,
    "costAndExpenses": 29858000000,
    "interestIncome": 255000000,
    "interestExpense": 357000000,
    "depreciationAndAmortization": 1088000000,
    "ebitda": 8592000000,
    "ebitdaratio": 0.2340570432,
    "operatingIncome": 7916000000,
    "operatingIncomeRatio": 0.2156419407,
    "totalOtherIncomeExpensesNet": 708000000,
    "incomeBeforeTax": 7559000000,
    "incomeBeforeTaxRatio": 0.2059168051,
    "incomeTaxExpense": 1329000000,
    "netIncome": 6143000000,
    "netIncomeRatio": 0.1673431584,
    "eps": 8.52,
    "epsdiluted": 8.41,
    "weightedAverageShsOut": 721000000,
    "weightedAverageShsOutDil": 730300000,
    "link": "https://www.sec.gov/Archives/edgar/data/773840/000077384020000009/0000773840-20-000009-index.htm",
    "finalLink": "https://www.sec.gov/Archives/edgar/data/773840/000077384020000009/hon1231201910k.htm"
  },
  {
    "date": "2018-12-31",
    "symbol": "HON",
    "reportedCurrency": "USD",
    "cik": "0000773840",
    "fillingDate": "2019-02-08",
    "acceptedDate": "2019-02-08 14:09:10",
    "calendarYear": "2018",
    "period": "FY",
    "revenue": 41802000000,
    "costOfRevenue": 29046000000,
    "grossProfit": 12756000000,
    "grossProfitRatio": 0.3051528635,
    "researchAndDevelopmentExpenses": 1809000000,
    "generalAndAdministrativeExpenses": 0,
    "sellingAndMarketingExpenses": 0,
    "sellingGeneralAndAdministrativeExpenses": 6051000000,
    "otherExpenses": 1149000000,
    "operatingExpenses": 6051000000,
    "costAndExpenses": 35097000000,
    "interestIncome": 217000000,
    "interestExpense": 367000000,
    "depreciationAndAmortization": 1116000000,
    "ebitda": 9018000000,
    "ebitdaratio": 0.2157313047,
    "operatingIncome": 6705000000,
    "operatingIncomeRatio": 0.160399024,
    "totalOtherIncomeExpensesNet": 782000000,
    "incomeBeforeTax": 7487000000,
    "incomeBeforeTaxRatio": 0.1791062629,
    "incomeTaxExpense": 659000000,
    "netIncome": 6765000000,
    "netIncomeRatio": 0.161834362,
    "eps": 9.1,
    "epsdiluted": 8.98,
    "weightedAverageShsOut": 743000000,
    "weightedAverageShsOutDil": 753000000,
    "link": "https://www.sec.gov/Archives/edgar/data/773840/000093041319000366/0000930413-19-000366-index.htm",
    "finalLink": "https://www.sec.gov/Archives/edgar/data/773840/000093041319000366/c92779_10k.htm"
  },
  {
    "date": "2017-12-31",
    "symbol": "HON",
    "reportedCurrency": "USD",
    "cik": "0000773840",
    "fillingDate": "2018-02-09",
    "acceptedDate": "2018-02-09 14:29:41",
    "calendarYear": "2017",
    "period": "FY",
    "revenue": 40534000000,
    "costOfRevenue": 27575000000,
    "grossProfit": 12959000000,
    "grossProfitRatio": 0.3197069127,
    "researchAndDevelopmentExpenses": 1835000000,
    "generalAndAdministrativeExpenses": 0,
    "sellingAndMarketingExpenses": 0,
    "sellingGeneralAndAdministrativeExpenses": 5808000000,
    "otherExpenses": 67000000,
    "operatingExpenses": 5808000000,
    "costAndExpenses": 33383000000,
    "interestIncome": 151000000,
    "interestExpense": 316000000,
    "depreciationAndAmortization": 1115000000,
    "ebitda": 8314000000,
    "ebitdaratio": 0.205111758,
    "operatingIncome": 7151000000,
    "operatingIncomeRatio": 0.1764197957,
    "totalOtherIncomeExpensesNet": -201000000,
    "incomeBeforeTax": 6902000000,
    "incomeBeforeTaxRatio": 0.1702768047,
    "incomeTaxExpense": 5204000000,
    "netIncome": 1655000000,
    "netIncomeRatio": 0.0408299206,
    "eps": 2.03,
    "epsdiluted": 2,
    "weightedAverageShsOut": 762100000,
    "weightedAverageShsOutDil": 772100000,
    "link": "https://www.sec.gov/Archives/edgar/data/773840/000093041318000292/0000930413-18-000292-index.htm",
    "finalLink": "https://www.sec.gov/Archives/edgar/data/773840/000093041318000292/c89913_10k.htm"
  },
  {
    "date": "2016-12-31",
    "symbol": "HON",
    "reportedCurrency": "USD",
    "cik": "0000773840",
    "fillingDate": "2017-02-10",
    "acceptedDate": "2017-02-10 15:53:13",
    "calendarYear": "2016",
    "period": "FY",
    "revenue": 39302000000,
    "costOfRevenue": 27150000000,
    "grossProfit": 12152000000,
    "grossProfitRatio": 0.3091954608,
    "researchAndDevelopmentExpenses": 2143000000,
    "generalAndAdministrativeExpenses": 0,
    "sellingAndMarketingExpenses": 0,
    "sellingGeneralAndAdministrativeExpenses": 5469000000,
    "otherExpenses": 102000000,
    "operatingExpenses": 5469000000,
    "costAndExpenses": 32619000000,
    "interestIncome": 106000000,
    "interestExpense": 338000000,
    "depreciationAndAmortization": 1030000000,
    "ebitda": 7718000000,
    "ebitdaratio": 0.1963767747,
    "operatingIncome": 6683000000,
    "operatingIncomeRatio": 0.170042237,
    "totalOtherIncomeExpensesNet": -241000000,
    "incomeBeforeTax": 6447000000,
    "incomeBeforeTaxRatio": 0.1640374536,
    "incomeTaxExpense": 1601000000,
    "netIncome": 4809000000,
    "netIncomeRatio": 0.1223601852,
    "eps": 6.3,
    "epsdiluted": 6.21,
    "weightedAverageShsOut": 764300000,
    "weightedAverageShsOutDil": 775300000,
    "link": "https://www.sec.gov/Archives/edgar/data/773840/000093041317000391/0000930413-17-000391-index.htm",
    "finalLink": "https://www.sec.gov/Archives/edgar/data/773840/000093041317000391/c86783_10k.htm"
  },
  {
    "date": "2015-12-31",
    "symbol": "HON",
    "reportedCurrency": "USD",
    "cik": "0000773840",
    "fillingDate": "2016-02-12",
    "acceptedDate": "2016-02-12 13:41:09",
    "calendarYear": "2015",
    "period": "FY",
    "revenue": 38581000000,
    "costOfRevenue": 26747000000,
    "grossProfit": 11834000000,
    "grossProfitRatio": 0.3067312926,
    "researchAndDevelopmentExpenses": 2854000000,
    "generalAndAdministrativeExpenses": 0,
    "sellingAndMarketingExpenses": 0,
    "sellingGeneralAndAdministrativeExpenses": 5006000000,
    "otherExpenses": 68000000,
    "operatingExpenses": 5006000000,
    "costAndExpenses": 31753000000,
    "interestIncome": 104000000,
    "interestExpense": 310000000,
    "depreciationAndAmortization": 883000000,
    "ebitda": 7711000000,
    "ebitdaratio": 0.1998652186,
    "operatingIncome": 6828000000,
    "operatingIncomeRatio": 0.1769783054,
    "totalOtherIncomeExpensesNet": -242000000,
    "incomeBeforeTax": 6586000000,
    "incomeBeforeTaxRatio": 0.1707057878,
    "incomeTaxExpense": 1739000000,
    "netIncome": 4768000000,
    "netIncomeRatio": 0.1235841476,
    "eps": 6.11,
    "epsdiluted": 6.04,
    "weightedAverageShsOut": 779800000,
    "weightedAverageShsOutDil": 789300000,
    "link": "https://www.sec.gov/Archives/edgar/data/773840/000093041316005457/0000930413-16-005457-index.htm",
    "finalLink": "https://www.sec.gov/Archives/edgar/data/773840/000093041316005457/c83288_10k.htm"
  }
]