[
  {
    "date": "2024-12-31",
    "symbol": "HON",
    "reportedCurrency": "USD",
    "cik": "0000773840",
    "fillingDate": "2025-02-14",
    "acceptedDate": "2025-02-14 14:50:25",
    "calendarYear": "2024",
    "period": "Q4",
    "revenue": 10088000000,
    "costOfRevenue": 6418000000,
    "grossProfit": 3670000000,
    "grossProfitRatio": 0.3637985726,
    "researchAndDevelopmentExpenses": 426000000,
    "generalAndAdministrativeExpenses": 0,
    "sellingAndMarketingExpenses": 0,
    "sellingGeneralAndAdministrativeExpenses": 1405000000,
    "otherExpenses": 0,
    "operatingExpenses": 1831000000,
    "costAndExpenses": 8249000000,
    "interestIncome": 101000000,
    "interestExpense": 291000000,
    "depreciationAndAmortization": 377000000,
    "ebitda": 2212000000,
    "ebitdaratio": 0.2192704203,
    "operatingIncome": 1839000000,
    "operatingIncomeRatio": 0.182295797,
    "totalOtherIncomeExpensesNet": -295000000,
    "incomeBeforeTax": 1544000000,
    "incomeBeforeTaxRatio": 0.1530531324,
    "incomeTaxExpense": 259000000,
    "netIncome": 1285000000,
    "netIncomeRatio": 0.1273790642,
    "eps": 1.98,
    "epsdiluted": 1.96,
    "weightedAverageShsOut": 650600000,
    "weightedAverageShsOutDil": 654800000,
    "link": "https://www.sec.gov/Archives/edgar/data/773840/000077384025000010/0000773840-25-000010-index.htm",
    "finalLink": "https://www.sec.gov/Archives/edgar/data/773840/000077384025000010/hon-20241231.htm"
  },
  {
    "date": "2024-09-30",
    "symbol": "HON",
    "reportedCurrency": "USD",
    "cik": "0000773840",
    "fillingDate": "2024-10-24",
    "acceptedDate": "2024-10-24 09:37:57",
    "calendarYear": "2024",
    "period": "Q3",
    "revenue": 9728000000,
    "costOfRevenue": 5979000000,
    "grossProfit": 3749000000,
    "grossProfitRatio": 0.3853824013,
    "researchAndDevelopmentExpenses": 368000000,
    "generalAndAdministrativeExpenses": 1234000000,
    "sellingAndMarketingExpenses": 0,
    "sellingGeneralAndAdministrativeExpenses": 1234000000,
    "otherExpenses": 0,
    "operatingExpenses": 1738000000,
    "costAndExpenses": 7693000000,
    "interestIncome": 110000000,
    "interestExpense": 297000000,
    "depreciationAndAmortization": 357000000,
    "ebitda": 2478000000,
    "ebitdaratio": 0.2547286184,
    "operatingIncome": 2147000000,
    "operatingIncomeRatio": 0.220703125,
    "totalOtherIncomeExpensesNet": -323000000,
    "incomeBeforeTax": 1824000000,
    "incomeBeforeTaxRatio": 0.1875,
    "incomeTaxExpense": 409000000,
    "netIncome": 1413000000,
    "netIncomeRatio": 0.1452508224,
    "eps": 2.17,
    "epsdiluted": 2.16,
    "weightedAverageShsOut": 650400000,
    "weightedAverageShsOutDil": 654100000,
    "link": "https://www.sec.gov/Archives/edgar/data/773840/000077384024000099/0000773840-24-000099-index.htm",
    "finalLink": "https://www.sec.gov/Archives/edgar/data/773840/000077384024000099/hon-20240930.htm"
  },
  {
    "date": "2024-06-30",
    "symbol": "HON",
    "reportedCurrency": "USD",
    "cik": "0000773840",
    "fillingDate": "2024-07-25",
    "acceptedDate": "2024-07-25 09:38:50",
    "calendarYear": "2024",
    "period": "Q2",
    "revenue": 9575000000,
    "costOfRevenue": 5836000000,
    "grossProfit": 3739000000,
    "grossProfitRatio": 0.3904960836,
    "researchAndDevelopmentExpenses": 382000000,
    "generalAndAdministrativeExpenses": 1201000000,
    "sellingAndMarketingExpenses": 148000000,
    "sellingGeneralAndAdministrativeExpenses": 1349000000,
    "otherExpenses": -11000000,
    "operatingExpenses": 1731000000,
    "costAndExpenses": 7567000000,
    "interestIncome": 110000000,
    "interestExpense": 250000000,
    "depreciationAndAmortization": 309000000,
    "ebitda": 2317000000,
    "ebitdaratio": 0.2419843342,
    "operatingIncome": 2008000000,
    "operatingIncomeRatio": 0.2097127937,
    "totalOtherIncomeExpensesNet": -34000000,
    "incomeBeforeTax": 1974000000,
    "incomeBeforeTaxRatio": 0.2061618799,
    "incomeTaxExpense": 414000000,
    "netIncome": 1544000000,
    "netIncomeRatio": 0.1612532637,
    "eps": 2.37,
    "epsdiluted": 2.36,
    "weightedAverageShsOut": 650200000,
    "weightedAverageShsOutDil": 654200000,
    "link": "https://www.sec.gov/Archives/edgar/data/773840/000077384024000082/0000773840-24-000082-index.htm",
    "finalLink": "https://www.sec.gov/Archives/edgar/data/773840/000077384024000082/hon-20240630.htm"
  },
  {
    "date": "2024-03-31",
    "symbol": "HON",
    "reportedCurrency": "USD",
    "cik": "0000773840",
    "fillingDate": "2024-04-25",
    "acceptedDate": "2024-04-25 09:42:46",
    "calendarYear": "2024",
    "period": "Q1",
    "revenue": 9104000000,
    "costOfRevenue": 5528000000,
    "grossProfit": 3576000000,
    "grossProfitRatio": 0.3927943761,
    "researchAndDevelopmentExpenses": 360000000,
    "generalAndAdministrativeExpenses": 1135000000,
    "sellingAndMarketingExpenses": 150000000,
    "sellingGeneralAndAdministrativeExpenses": 1285000000,
    "otherExpenses": 153000000,
    "operatingExpenses": 1645000000,
    "costAndExpenses": 7173000000,
    "interestIncome": 105000000,
    "interestExpense": 220000000,
    "depreciationAndAmortization": 291000000,
    "ebitda": 2222000000,
    "ebitdaratio": 0.2440685413,
    "operatingIncome": 1931000000,
    "operatingIncomeRatio": 0.2121045694,
    "totalOtherIncomeExpensesNet": -60000000,
    "incomeBeforeTax": 1871000000,
    "incomeBeforeTaxRatio": 0.2055140598,
    "incomeTaxExpense": 396000000,
    "netIncome": 1463000000,
    "netIncomeRatio": 0.160698594,
    "eps": 2.24,
    "epsdiluted": 2.23,
    "weightedAverageShsOut": 652300000,
    "weightedAverageShsOutDil": 656600000,
    "link": "https://www.sec.gov/Archives/edgar/data/773840/000077384024000051/0000773840-24-000051-index.htm",
    "finalLink": "https://www.sec.gov/Archives/edgar/data/773840/000077384024000051/hon-20240331.htm"
  },
  {
    "date": "2023-12-31",
    "symbol": "HON",
    "reportedCurrency": "USD",
    "cik": "0000773840",
    "fillingDate": "2024-02-16",
    "acceptedDate": "2024-02-16 13:40:36",
    "calendarYear": "2023",
    "period": "Q4",
    "revenue": 9433000000,
    "costOfRevenue": 5733000000,
    "grossProfit": 3700000000,
    "grossProfitRatio": 0.3922400085,
    "researchAndDevelopmentExpenses": 360000000,
    "generalAndAdministrativeExpenses": 1285000000,
    "sellingAndMarketingExpenses": -35000000,
    "sellingGeneralAndAdministrativeExpenses": 1250000000,
    "otherExpenses": -11000000,
    "operatingExpenses": 1610000000,
    "costAndExpenses": 7343000000,
    "interestIncome": 80000000,
    "interestExpense": 202000000,
    "depreciationAndAmortization": 301000000,
    "ebitda": 2391000000,
    "ebitdaratio": 0.2534718541,
    "operatingIncome": 2090000000,
    "operatingIncomeRatio": 0.2215625994,
    "totalOtherIncomeExpensesNet": -88000000,
    "incomeBeforeTax": 1506000000,
    "incomeBeforeTaxRatio": 0.1596522845,
    "incomeTaxExpense": 258000000,
    "netIncome": 1263000000,
    "netIncomeRatio": 0.1338916569,
    "eps": 1.92,
    "epsdiluted": 1.91,
    "weightedAverageShsOut": 656500000,
    "weightedAverageShsOutDil": 660900000,
    "link": "https://www.sec.gov/Archives/edgar/data/773840/000077384024000014/0000773840-24-000014-index.htm",
    "finalLink": "https://www.sec.gov/Archives/edgar/data/773840/000077384024000014/hon-20231231.htm"
  },
  {
    "date": "2023-09-30",
    "symbol": "HON",
    "reportedCurrency": "USD",
    "cik": "0000773840",
    "fillingDate": "2023-10-26",
    "acceptedDate": "2023-10-26 09:15:45",
    "calendarYear": "2023",
    "period": "Q3",
    "revenue": 9212000000,
    "costOfRevenue": 5670000000,
    "grossProfit": 3542000000,
    "grossProfitRatio": 0.3844984802,
    "researchAndDevelopmentExpenses": 364000000,
    "generalAndAdministrativeExpenses": 1098000000,
    "sellingAndMarketingExpenses": 154000000,
    "sellingGeneralAndAdministrativeExpenses": 1252000000,
    "otherExpenses": 247000000,
    "operatingExpenses": 1616000000,
    "costAndExpenses": 7286000000,
    "interestIncome": 89000000,
    "interestExpense": 206000000,
    "depreciationAndAmortization": 308000000,
    "ebitda": 2481000000,
    "ebitdaratio": 0.2693226227,
    "operatingIncome": 1926000000,
    "operatingIncomeRatio": 0.2090751194,
    "totalOtherIncomeExpensesNet": -113000000,
    "incomeBeforeTax": 1967000000,
    "incomeBeforeTaxRatio": 0.2135258359,
    "incomeTaxExpense": 452000000,
    "netIncome": 1514000000,
    "netIncomeRatio": 0.1643508467,
    "eps": 2.29,
    "epsdiluted": 2.27,
    "weightedAverageShsOut": 662400000,
    "weightedAverageShsOutDil": 667000000,
    "link": "https://www.sec.gov/Archives/edgar/data/773840/000077384023000085/0000773840-23-000085-index.htm",
    "finalLink": "https://www.sec.gov/Archives/edgar/data/773840/000077384023000085/hon-20230930.htm"
  },
  {
    "date": "2023-06-30",
    "symbol": "HON",
    "reportedCurrency": "USD",
    "cik": "0000773840",
    "fillingDate": "2023-07-27",
    "acceptedDate": "2023-07-27 09:02:54",
    "calendarYear": "2023",
    "period": "Q2",
    "revenue": 9146000000,
    "costOfRevenue": 5626000000,
    "grossProfit": 3520000000,
    "grossProfitRatio": 0.3848677017,
    "researchAndDevelopmentExpenses": 375000000,
    "generalAndAdministrativeExpenses": 1109000000,
    "sellingAndMarketingExpenses": 153000000,
    "sellingGeneralAndAdministrativeExpenses": 1262000000,
    "otherExpenses": 149000000,
    "operatingExpenses": 1637000000,
    "costAndExpenses": 7263000000,
    "interestIncome": 76000000,
    "interestExpense": 187000000,
    "depreciationAndAmortization": 284000000,
    "ebitda": 2320000000,
    "ebitdaratio": 0.2536628034,
    "operatingIncome": 1487000000,
    "operatingIncomeRatio": 0.1625847365,
    "totalOtherIncomeExpensesNet": -132000000,
    "incomeBeforeTax": 1904000000,
    "incomeBeforeTaxRatio": 0.2081784387,
    "incomeTaxExpense": 403000000,
    "netIncome": 1487000000,
    "netIncomeRatio": 0.1625847365,
    "eps": 2.24,
    "epsdiluted": 2.22,
    "weightedAverageShsOut": 665300000,
    "weightedAverageShsOutDil": 670200000,
    "link": "https://www.sec.gov/Archives/edgar/data/773840/000077384023000073/0000773840-23-000073-index.htm",
    "finalLink": "https://www.sec.gov/Archives/edgar/data/773840/000077384023000073/hon-20230630.htm"
  },
  {
    "date": "2023-03-31",
    "symbol": "HON",
    "reportedCurrency": "USD",
    "cik": "0000773840",
    "fillingDate": "2023-04-27",
    "acceptedDate": "2023-04-27 09:09:13",
    "calendarYear": "2023",
    "period": "Q1",
    "revenue": 8864000000,
    "costOfRevenue": 5498000000,
    "grossProfit": 3366000000,
    "grossProfitRatio": 0.3797382671,
    "researchAndDevelopmentExpenses": 357000000,
    "generalAndAdministrativeExpenses": 1165000000,
    "sellingAndMarketingExpenses": 152000000,
    "sellingGeneralAndAdministrativeExpenses": 1317000000,
    "otherExpenses": 260000000,
    "operatingExpenses": 1674000000,
    "costAndExpenses": 7172000000,
    "interestIncome": 76000000,
    "interestExpense": 170000000,
    "depreciationAndAmortization": 283000000,
    "ebitda": 2235000000,
    "ebitdaratio": 0.2521435018,
    "operatingIncome": 1952000000,
    "operatingIncomeRatio": 0.2202166065,
    "totalOtherIncomeExpensesNet": -62000000,
    "incomeBeforeTax": 1782000000,
    "incomeBeforeTaxRatio": 0.2010379061,
    "incomeTaxExpense": 374000000,
    "netIncome": 1394000000,
    "netIncomeRatio": 0.157265343,
    "eps": 2.09,
    "epsdiluted": 2.07,
    "weightedAverageShsOut": 667800000,
    "weightedAverageShsOutDil": 673000000,
    "link": "https://www.sec.gov/Archives/edgar/data/773840/000077384023000038/0000773840-23-000038-index.htm",
    "finalLink": "https://www.sec.gov/Archives/edgar/data/773840/000077384023000038/hon-20230331.htm"
  },
  {
    "date": "2022-12-31",
    "symbol": "HON",
    "reportedCurrency": "USD",
    "cik": "0000773840",
    "fillingDate": "2023-02-10",
    "acceptedDate": "2023-02-10 14:09:31",
    "calendarYear": "2022",
    "period": "Q4",
    "revenue": 9186000000,
    "costOfRevenue": 6124000000,
    "grossProfit": 3062000000,
    "grossProfitRatio": 0.3333333333,
    "researchAndDevelopmentExpenses": 1478000000,
    "generalAndAdministrativeExpenses": 0,
    "sellingAndMarketingExpenses": 0,
    "sellingGeneralAndAdministrativeExpenses": 1249000000,
    "otherExpenses": -480000000,
    "operatingExpenses": 1249000000,
    "costAndExpenses": 7373000000,
    "interestIncome": 61000000,
    "interestExpense": 144000000,
    "depreciationAndAmortization": 299000000,
    "ebitda": 1632000000,
    "ebitdaratio": 0.177661659,
    "operatingIncome": 1333000000,
    "operatingIncomeRatio": 0.1451121272,
    "totalOtherIncomeExpensesNet": -390000000,
    "incomeBeforeTax": 1189000000,
    "incomeBeforeTaxRatio": 0.1294360984,
    "incomeTaxExpense": 168000000,
    "netIncome": 1019000000,
    "netIncomeRatio": 0.1109296756,
    "eps": 1.52,
    "epsdiluted": 1.51,
    "weightedAverageShsOut": 670600000,
    "weightedAverageShsOutDil": 676500000,
    "link": "https://www.sec.gov/Archives/edgar/data/773840/000077384023000013/0000773840-23-000013-index.htm",
    "finalLink": "https://www.sec.gov/Archives/edgar/data/773840/000077384023000013/hon-20221231.htm"
  },
  {
    "date": "2022-09-30",
    "symbol": "HON",
    "reportedCurrency": "USD",
    "cik": "0000773840",
    "fillingDate": "2022-10-27",
    "acceptedDate": "2022-10-27 09:09:11",
    "calendarYear": "2022",
    "period": "Q3",
    "revenue": 8951000000,
    "costOfRevenue": 5981000000,
    "grossProfit": 2970000000,
    "grossProfitRatio": 0.3318065021,
    "researchAndDevelopmentExpenses": 387000000,
    "generalAndAdministrativeExpenses": 0,
    "sellingAndMarketingExpenses": 0,
    "sellingGeneralAndAdministrativeExpenses": 1228000000,
    "otherExpenses": 274000000,
    "operatingExpenses": 1228000000,
    "costAndExpenses": 7209000000,
    "interestIncome": 37000000,
    "interestExpense": 98000000,
    "depreciationAndAmortization": 300000000,
    "ebitda": 2372000000,
    "ebitdaratio": 0.2649983242,
    "operatingIncome": 2072000000,
    "operatingIncomeRatio": 0.2314825159,
    "totalOtherIncomeExpensesNet": -50000000,
    "incomeBeforeTax": 1981000000,
    "incomeBeforeTaxRatio": 0.2213160541,
    "incomeTaxExpense": 432000000,
    "netIncome": 1552000000,
    "netIncomeRatio": 0.1733884482,
    "eps": 2.3,
    "epsdiluted": 2.28,
    "weightedAverageShsOut": 674100000,
    "weightedAverageShsOutDil": 679600000,
    "link": "https://www.sec.gov/Archives/edgar/data/773840/000077384022000071/0000773840-22-000071-index.htm",
    "finalLink": "https://www.sec.gov/Archives/edgar/data/773840/000077384022000071/hon-20220930.htm"
  },
  {
    "date": "2022-06-30",
    "symbol": "HON",
    "reportedCurrency": "USD",
    "cik": "0000773840",
    "fillingDate": "2022-07-28",
    "acceptedDate": "2022-07-28 09:16:12",
    "calendarYear": "2022",
    "period": "Q2",
    "revenue": 8953000000,
    "costOfRevenue": 5660000000,
    "grossProfit": 3293000000,
    "grossProfitRatio": 0.3678096727,
    "researchAndDevelopmentExpenses": 386000000,
    "generalAndAdministrativeExpenses": 0,
    "sellingAndMarketingExpenses": 0,
    "sellingGeneralAndAdministrativeExpenses": 1306000000,
    "otherExpenses": 289000000,
    "operatingExpenses": 1692000000,
    "costAndExpenses": 7352000000,
    "interestIncome": 20000000,
    "interestExpense": 87000000,
    "depreciationAndAmortization": 275000000,
    "ebitda": 2169000000,
    "ebitdaratio": 0.2422651625,
    "operatingIncome": 1894000000,
    "operatingIncomeRatio": 0.2115492014,
    "totalOtherIncomeExpensesNet": -190000000,
    "incomeBeforeTax": 1704000000,
    "incomeBeforeTaxRatio": 0.1903272646,
    "incomeTaxExpense": 441000000,
    "netIncome": 1261000000,
    "netIncomeRatio": 0.1408466436,
    "eps": 1.86,
    "epsdiluted": 1.84,
    "weightedAverageShsOut": 679000000,
    "weightedAverageShsOutDil": 685000000,
    "link": "https://www.sec.gov/Archives/edgar/data/773840/000077384022000054/0000773840-22-000054-index.htm",
    "finalLink": "https://www.sec.gov/Archives/edgar/data/773840/000077384022000054/hon-20220630.htm"
  },
  {
    "date": "2022-03-31",
    "symbol": "HON",
    "reportedCurrency": "USD",
    "cik": "0000773840",
    "fillingDate": "2022-04-29",
    "acceptedDate": "2022-04-29 09:03:57",
    "calendarYear": "2022",
    "period": "Q1",
    "revenue": 8376000000,
    "costOfRevenue": 5674000000,
    "grossProfit": 2702000000,
    "grossProfitRatio": 0.3225883477,
    "researchAndDevelopmentExpenses": 350000000,
    "generalAndAdministrativeExpenses": 0,
    "sellingAndMarketingExpenses": 0,
    "sellingGeneralAndAdministrativeExpenses": 1431000000,
    "otherExpenses": 283000000,
    "operatingExpenses": 1431000000,
    "costAndExpenses": 7105000000,
    "interestIncome": 20000000,
    "interestExpense": 85000000,
    "depreciationAndAmortization": 330000000,
    "ebitda": 1918000000,
    "ebitdaratio": 0.2289875836,
    "operatingIncome": 1588000000,
    "operatingIncomeRatio": 0.1895893028,
    "totalOtherIncomeExpensesNet": -61000000,
    "incomeBeforeTax": 1505000000,
    "incomeBeforeTaxRatio": 0.1796800382,
    "incomeTaxExpense": 371000000,
    "netIncome": 1134000000,
    "netIncomeRatio": 0.1353868195,
    "eps": 1.66,
    "epsdiluted": 1.64,
    "weightedAverageShsOut": 684700000,
    "weightedAverageShsOutDil": 691300000,
    "link": "https://www.sec.gov/Archives/edgar/data/773840/000077384022000037/0000773840-22-000037-index.htm",
    "finalLink": "https://www.sec.gov/Archives/edgar/data/773840/000077384022000037/hon-20220331.htm"
  },
  {
    "date": "2021-12-31",
    "symbol": "HON",
    "reportedCurrency": "USD",
    "cik": "0000773840",
    "fillingDate": "2022-02-11",
    "acceptedDate": "2022-02-11 12:37:32",
    "calendarYear": "2021",
    "period": "Q4",
    "revenue": 8657000000,
    "costOfRevenue": 5936000000,
    "grossProfit": 2721000000,
    "grossProfitRatio": 0.3143121174,
    "researchAndDevelopmentExpenses": 1333000000,
    "generalAndAdministrativeExpenses": 0,
    "sellingAndMarketingExpenses": 0,
    "sellingGeneralAndAdministrativeExpenses": 1203000000,
    "otherExpenses": 355000000,
    "operatingExpenses": 1203000000,
    "costAndExpenses": 7139000000,
    "interestIncome": 32000000,
    "interestExpense": 80000000,
    "depreciationAndAmortization": 290000000,
    "ebitda": 2163000000,
    "ebitdaratio": 0.2498556082,
    "operatingIncome": 1859000000,
    "operatingIncomeRatio": 0.2147395172,
    "totalOtherIncomeExpensesNet": -20000000,
    "incomeBeforeTax": 1793000000,
    "incomeBeforeTaxRatio": 0.207115629,
    "incomeTaxExpense": 351000000,
    "netIncome": 1428000000,
    "netIncomeRatio": 0.164953217,
    "eps": 2.07,
    "epsdiluted": 2.05,
    "weightedAverageShsOut": 688300000,
    "weightedAverageShsOutDil": 695800000,
    "link": "https://www.sec.gov/Archives/edgar/data/773840/000077384022000018/0000773840-22-000018-index.htm",
    "finalLink": "https://www.sec.gov/Archives/edgar/data/773840/000077384022000018/hon-20211231.htm"
  },
  {
    "date": "2021-09-30",
    "symbol": "HON",
    "reportedCurrency": "USD",
    "cik": "0000773840",
    "fillingDate": "2021-10-22",
    "acceptedDate": "2021-10-22 08:31:29",
    "calendarYear": "2021",
    "period": "Q3",
    "revenue": 8473000000,
    "costOfRevenue": 5746000000,
    "grossProfit": 2727000000,
    "grossProfitRatio": 0.3218458633,
    "researchAndDevelopmentExpenses": 0,
    "generalAndAdministrativeExpenses": 0,
    "sellingAndMarketingExpenses": 0,
    "sellingGeneralAndAdministrativeExpenses": 1152000000,
    "otherExpenses": 325000000,
    "operatingExpenses": 1152000000,
    "costAndExpenses": 6898000000,
    "interestIncome": 28000000,
    "interestExpense": 90000000,
    "depreciationAndAmortization": 308000000,
    "ebitda": 2207000000,
    "ebitdaratio": 0.2604744482,
    "operatingIncome": 1575000000,
    "operatingIncomeRatio": 0.1858845745,
    "totalOtherIncomeExpensesNet": -199000000,
    "incomeBeforeTax": 1700000000,
    "incomeBeforeTaxRatio": 0.2006373185,
    "incomeTaxExpense": 427000000,
    "netIncome": 1257000000,
    "netIncomeRatio": 0.1483535938,
    "eps": 1.82,
    "epsdiluted": 1.8,
    "weightedAverageShsOut": 690600000,
    "weightedAverageShsOutDil": 698900000,
    "link": "https://www.sec.gov/Archives/edgar/data/773840/000077384021000065/0000773840-21-000065-index.htm",
    "finalLink": "https://www.sec.gov/Archives/edgar/data/773840/000077384021000065/hon-20210930.htm"
  },
  {
    "date": "2021-06-30",
    "symbol": "HON",
    "reportedCurrency": "USD",
    "cik": "0000773840",
    "fillingDate": "2021-07-23",
    "acceptedDate": "2021-07-23 09:09:25",
    "calendarYear": "2021",
    "period": "Q2",
    "revenue": 8808000000,
    "costOfRevenue": 6003000000,
    "grossProfit": 2805000000,
    "grossProfitRatio": 0.3184604905,
    "researchAndDevelopmentExpenses": 0,
    "generalAndAdministrativeExpenses": 0,
    "sellingAndMarketingExpenses": 0,
    "sellingGeneralAndAdministrativeExpenses": 1207000000,
    "otherExpenses": 366000000,
    "operatingExpenses": 1207000000,
    "costAndExpenses": 7210000000,
    "interestIncome": 23000000,
    "interestExpense": 83000000,
    "depreciationAndAmortization": 284000000,
    "ebitda": 2248000000,
    "ebitdaratio": 0.255222525,
    "operatingIncome": 1598000000,
    "operatingIncomeRatio": 0.1814259764,
    "totalOtherIncomeExpensesNet": -44000000,
    "incomeBeforeTax": 1881000000,
    "incomeBeforeTaxRatio": 0.2135558583,
    "incomeTaxExpense": 434000000,
    "netIncome": 1430000000,
    "netIncomeRatio": 0.1623524069,
    "eps": 2.06,
    "epsdiluted": 2.04,
    "weightedAverageShsOut": 693800000,
    "weightedAverageShsOutDil": 702500000,
    "link": "https://www.sec.gov/Archives/edgar/data/773840/000077384021000057/0000773840-21-000057-index.htm",
    "finalLink": "https://www.sec.gov/Archives/edgar/data/773840/000077384021000057/hon-20210630.htm"
  },
  {
    "date": "2021-03-31",
    "symbol": "HON",
    "reportedCurrency": "USD",
    "cik": "0000773840",
    "fillingDate": "2021-04-23",
    "acceptedDate": "2021-04-23 09:10:16",
    "calendarYear": "2021",
    "period": "Q1",
    "revenue": 8454000000,
    "costOfRevenue": 5709000000,
    "grossProfit": 2745000000,
    "grossProfitRatio": 0.3246983676,
    "researchAndDevelopmentExpenses": 0,
    "generalAndAdministrativeExpenses": 0,
    "sellingAndMarketingExpenses": 0,
    "sellingGeneralAndAdministrativeExpenses": 1236000000,
    "otherExpenses": 442000000,
    "operatingExpenses": 1236000000,
    "costAndExpenses": 6945000000,
    "interestIncome": 19000000,
    "interestExpense": 90000000,
    "depreciationAndAmortization": 341000000,
    "ebitda": 2292000000,
    "ebitdaratio": 0.2711142654,
    "operatingIncome": 1509000000,
    "operatingIncomeRatio": 0.1784953868,
    "totalOtherIncomeExpensesNet": 25000000,
    "incomeBeforeTax": 1861000000,
    "incomeBeforeTaxRatio": 0.2201324817,
    "incomeTaxExpense": 413000000,
    "netIncome": 1427000000,
    "netIncomeRatio": 0.1687958363,
    "eps": 2.05,
    "epsdiluted": 2.03,
    "weightedAverageShsOut": 696200000,
    "weightedAverageShsOutDil": 704500000,
    "link": "https://www.sec.gov/Archives/edgar/data/773840/000077384021000032/0000773840-21-000032-index.htm",
    "finalLink": "https://www.sec.gov/Archives/edgar/data/773840/000077384021000032/hon-20210331.htm"
  },
  {
    "date": "2020-12-31",
    "symbol": "HON",
    "reportedCurrency": "USD",
    "cik": "0000773840",
    "fillingDate": "2021-02-12",
    "acceptedDate": "2021-02-12 14:31:39",
    "calendarYear": "2020",
    "period": "Q4",
    "revenue": 8900000000,
    "costOfRevenue": 5976000000,
    "grossProfit": 2924000000,
    "grossProfitRatio": 0.3285393258,
    "researchAndDevelopmentExpenses": 1334000000,
    "generalAndAdministrativeExpenses": 0,
    "sellingAndMarketingExpenses": 0,
    "sellingGeneralAndAdministrativeExpenses": 1248000000,
    "otherExpenses": 129000000,
    "operatingExpenses": 1248000000,
    "costAndExpenses": 7224000000,
    "interestIncome": 21000000,
    "interestExpense": 95000000,
    "depreciationAndAmortization": 254000000,
    "ebitda": 2059000000,
    "ebitdaratio": 0.2313483146,
    "operatingIncome": 1676000000,
    "operatingIncomeRatio": 0.1883146067,
    "totalOtherIncomeExpensesNet": -173000000,
    "incomeBeforeTax": 1710000000,
    "incomeBeforeTaxRatio": 0.1921348315,
    "incomeTaxExpense": 331000000,
    "netIncome": 1359000000,
    "netIncomeRatio": 0.1526966292,
    "eps": 1.94,
    "epsdiluted": 1.91,
    "weightedAverageShsOut": 701800000,
    "weightedAverageShsOutDil": 710000000,
    "link": "https://www.sec.gov/Archives/edgar/data/773840/000077384021000015/0000773840-21-000015-index.htm",
    "finalLink": "https://www.sec.gov/Archives/edgar/data/773840/000077384021000015/hon-20201231.htm"
  },
  {
    "date": "2020-09-30",
    "symbol": "HON",
    "reportedCurrency": "USD",
    "cik": "0000773840",
    "fillingDate": "2020-10-30",
    "acceptedDate": "2020-10-30 09:00:10",
    "calendarYear": "2020",
    "period": "Q3",
    "revenue": 7797000000,
    "costOfRevenue": 5383000000,
    "grossProfit": 2414000000,
    "grossProfitRatio": 0.3096062588,
    "researchAndDevelopmentExpenses": 0,
    "generalAndAdministrativeExpenses": 0,
    "sellingAndMarketingExpenses": 0,
    "sellingGeneralAndAdministrativeExpenses": 1103000000,
    "otherExpenses": -62000000,
    "operatingExpenses": 1103000000,
    "costAndExpenses": 6486000000,
    "interestIncome": 20000000,
    "interestExpense": 101000000,
    "depreciationAndAmortization": 255000000,
    "ebitda": 1504000000,
    "ebitdaratio": 0.1928947031,
    "operatingIncome": 1311000000,
    "operatingIncomeRatio": 0.1681415929,
    "totalOtherIncomeExpensesNet": -163000000,
    "incomeBeforeTax": 1148000000,
    "incomeBeforeTaxRatio": 0.1472361165,
    "incomeTaxExpense": 367000000,
    "netIncome": 758000000,
    "netIncomeRatio": 0.0972168783,
    "eps": 1.08,
    "epsdiluted": 1.07,
    "weightedAverageShsOut": 702600000,
    "weightedAverageShsOutDil": 709600000,
    "link": "https://www.sec.gov/Archives/edgar/data/773840/000077384020000048/0000773840-20-000048-index.htm",
    "finalLink": "https://www.sec.gov/Archives/edgar/data/773840/000077384020000048/hon-20200930.htm"
  },
  {
    "date": "2020-06-30",
    "symbol": "HON",
    "reportedCurrency": "USD",
    "cik": "0000773840",
    "fillingDate": "2020-07-24",
    "acceptedDate": "2020-07-24 09:24:22",
    "calendarYear": "2020",
    "period": "Q2",
    "revenue": 7477000000,
    "costOfRevenue": 5276000000,
    "grossProfit": 2201000000,
    "grossProfitRatio": 0.2943693995,
    "researchAndDevelopmentExpenses": 0,
    "generalAndAdministrativeExpenses": 0,
    "sellingAndMarketingExpenses": 0,
    "sellingGeneralAndAdministrativeExpenses": 1183000000,
    "otherExpenses": 251000000,
    "operatingExpenses": 1183000000,
    "costAndExpenses": 6459000000,
    "interestIncome": 22000000,
    "interestExpense": 90000000,
    "depreciationAndAmortization": 250000000,
    "ebitda": 1518000000,
    "ebitdaratio": 0.2030226026,
    "operatingIncome": 1018000000,
    "operatingIncomeRatio": 0.1361508626,
    "totalOtherIncomeExpensesNet": -49000000,
    "incomeBeforeTax": 1219000000,
    "incomeBeforeTaxRatio": 0.1630333021,
    "incomeTaxExpense": 120000000,
    "netIncome": 1081000000,
    "netIncomeRatio": 0.1445767019,
    "eps": 1.54,
    "epsdiluted": 1.53,
    "weightedAverageShsOut": 702300000,
    "weightedAverageShsOutDil": 708100000,
    "link": "https://www.sec.gov/Archives/edgar/data/773840/000077384020000038/0000773840-20-000038-index.htm",
    "finalLink": "https://www.sec.gov/Archives/edgar/data/773840/000077384020000038/hon-20200630.htm"
  },
  {
    "date": "2020-03-31",
    "symbol": "HON",
    "reportedCurrency": "USD",
    "cik": "0000773840",
    "fillingDate": "2020-05-01",
    "acceptedDate": "2020-05-01 09:34:13",
    "calendarYear": "2020",
    "period": "Q1",
    "revenue": 8463000000,
    "costOfRevenue": 5534000000,
    "grossProfit": 2929000000,
    "grossProfitRatio": 0.3460947654,
    "researchAndDevelopmentExpenses": 0,
    "generalAndAdministrativeExpenses": 0,
    "sellingAndMarketingExpenses": 0,
    "sellingGeneralAndAdministrativeExpenses": 1238000000,
    "otherExpenses": 249000000,
    "operatingExpenses": 1238000000,
    "costAndExpenses": 6772000000,
    "interestIncome": 44000000,
    "interestExpense": 73000000,
    "depreciationAndAmortization": 243000000,
    "ebitda": 2184000000,
    "ebitdaratio": 0.2580645161,
    "operatingIncome": 1691000000,
    "operatingIncomeRatio": 0.1998109417,
    "totalOtherIncomeExpensesNet": -6000000,
    "incomeBeforeTax": 1935000000,
    "incomeBeforeTaxRatio": 0.2286423254,
    "incomeTaxExpense": 329000000,
    "netIncome": 1581000000,
    "netIncomeRatio": 0.1868131868,
    "eps": 2.23,
    "epsdiluted": 2.21,
    "weightedAverageShsOut": 709600000,
    "weightedAverageShsOutDil": 717000000,
    "link": "https://www.sec.gov/Archives/edgar/data/773840/000077384020000025/0000773840-20-000025-index.htm",
    "finalLink": "https://www.sec.gov/Archives/edgar/data/773840/000077384020000025/hon0331202010q.htm"
  }
]