[
  {
    "date": "2024-12-31",
    "symbol": "UNH",
    "reportedCurrency": "USD",
    "cik": "0000731766",
    "fillingDate": "2025-02-27",
    "acceptedDate": "2025-02-27 17:16:21",
    "calendarYear": "2024",
    "period": "Q4",
    "revenue": 100807000000,
    "costOfRevenue": 79499000000,
    "grossProfit": 21308000000,
    "grossProfitRatio": 0.2113742101,
    "researchAndDevelopmentExpenses": 0,
    "generalAndAdministrativeExpenses": 0,
    "sellingAndMarketingExpenses": 0,
    "sellingGeneralAndAdministrativeExpenses": 13535000000,
    "otherExpenses": 0,
    "operatingExpenses": 13535000000,
    "costAndExpenses": 93034000000,
    "interestIncome": 0,
    "interestExpense": -1003000000,
    "depreciationAndAmortization": 1041000000,
    "ebitda": 4574000000,
    "ebitdaratio": 0.0453738332,
    "operatingIncome": 7773000000,
    "operatingIncomeRatio": 0.0771077405,
    "totalOtherIncomeExpensesNet": -982000000,
    "incomeBeforeTax": 6791000000,
    "incomeBeforeTaxRatio": 0.0673663535,
    "incomeTaxExpense": 1007000000,
    "netIncome": 5543000000,
    "netIncomeRatio": 0.0549862609,
    "eps": 5.98,
    "epsdiluted": 5.98,
    "weightedAverageShsOut": 927000000,
    "weightedAverageShsOutDil": 927000000,
    "link": "https://www.sec.gov/Archives/edgar/data/731766/000073176625000063/0000731766-25-000063-index.htm",
    "finalLink": "https://www.sec.gov/Archives/edgar/data/731766/000073176625000063/unh-20241231.htm"
  },
  {
    "date": "2024-09-30",
    "symbol": "UNH",
    "reportedCurrency": "USD",
    "cik": "0000731766",
    "fillingDate": "2024-11-04",
    "acceptedDate": "2024-11-04 16:22:23",
    "calendarYear": "2024",
    "period": "Q3",
    "revenue": 99177000000,
    "costOfRevenue": 77791000000,
    "grossProfit": 21386000000,
    "grossProfitRatio": 0.2156346734,
    "researchAndDevelopmentExpenses": 0,
    "generalAndAdministrativeExpenses": 0,
    "sellingAndMarketingExpenses": 0,
    "sellingGeneralAndAdministrativeExpenses": 12678000000,
    "otherExpenses": 0,
    "operatingExpenses": 12678000000,
    "costAndExpenses": 90469000000,
    "interestIncome": 0,
    "interestExpense": 1074000000,
    "depreciationAndAmortization": 1041000000,
    "ebitda": 9729000000,
    "ebitdaratio": 0.0980973411,
    "operatingIncome": 8708000000,
    "operatingIncomeRatio": 0.0878026155,
    "totalOtherIncomeExpensesNet": -1094000000,
    "incomeBeforeTax": 7614000000,
    "incomeBeforeTaxRatio": 0.0767718322,
    "incomeTaxExpense": 1356000000,
    "netIncome": 6055000000,
    "netIncomeRatio": 0.0610524618,
    "eps": 6.56,
    "epsdiluted": 6.51,
    "weightedAverageShsOut": 923000000,
    "weightedAverageShsOutDil": 930000000,
    "link": "https://www.sec.gov/Archives/edgar/data/731766/000073176624000323/0000731766-24-000323-index.htm",
    "finalLink": "https://www.sec.gov/Archives/edgar/data/731766/000073176624000323/unh-20240930.htm"
  },
  {
    "date": "2024-06-30",
    "symbol": "UNH",
    "reportedCurrency": "USD",
    "cik": "0000731766",
    "fillingDate": "2024-08-09",
    "acceptedDate": "2024-08-09 16:10:48",
    "calendarYear": "2024",
    "period": "Q2",
    "revenue": 97858000000,
    "costOfRevenue": 76798000000,
    "grossProfit": 21060000000,
    "grossProfitRatio": 0.2152097938,
    "researchAndDevelopmentExpenses": 0,
    "generalAndAdministrativeExpenses": 0,
    "sellingAndMarketingExpenses": 0,
    "sellingGeneralAndAdministrativeExpenses": 13185000000,
    "otherExpenses": 0,
    "operatingExpenses": 13185000000,
    "costAndExpenses": 89983000000,
    "interestIncome": 0,
    "interestExpense": 985000000,
    "depreciationAndAmortization": 1020000000,
    "ebitda": 7670000000,
    "ebitdaratio": 0.0783788755,
    "operatingIncome": 7875000000,
    "operatingIncomeRatio": 0.0804737477,
    "totalOtherIncomeExpensesNet": -2210000000,
    "incomeBeforeTax": 5665000000,
    "incomeBeforeTaxRatio": 0.0578900039,
    "incomeTaxExpense": 1244000000,
    "netIncome": 4216000000,
    "netIncomeRatio": 0.0430828343,
    "eps": 4.58,
    "epsdiluted": 4.54,
    "weightedAverageShsOut": 921000000,
    "weightedAverageShsOutDil": 928000000,
    "link": "https://www.sec.gov/Archives/edgar/data/731766/000073176624000262/0000731766-24-000262-index.htm",
    "finalLink": "https://www.sec.gov/Archives/edgar/data/731766/000073176624000262/unh-20240630.htm"
  },
  {
    "date": "2024-03-31",
    "symbol": "UNH",
    "reportedCurrency": "USD",
    "cik": "0000731766",
    "fillingDate": "2024-05-09",
    "acceptedDate": "2024-05-08 18:57:43",
    "calendarYear": "2024",
    "period": "Q1",
    "revenue": 98785000000,
    "costOfRevenue": 76791000000,
    "grossProfit": 21994000000,
    "grossProfitRatio": 0.2226451384,
    "researchAndDevelopmentExpenses": 0,
    "generalAndAdministrativeExpenses": 0,
    "sellingAndMarketingExpenses": 0,
    "sellingGeneralAndAdministrativeExpenses": 14063000000,
    "otherExpenses": 0,
    "operatingExpenses": 14063000000,
    "costAndExpenses": 90854000000,
    "interestIncome": 0,
    "interestExpense": 844000000,
    "depreciationAndAmortization": 997000000,
    "ebitda": 1842000000,
    "ebitdaratio": 0.0186465557,
    "operatingIncome": 7931000000,
    "operatingIncomeRatio": 0.0802854684,
    "totalOtherIncomeExpensesNet": -7930000000,
    "incomeBeforeTax": 1000000,
    "incomeBeforeTaxRatio": 1.0123e-05,
    "incomeTaxExpense": 1222000000,
    "netIncome": -1409000000,
    "netIncomeRatio": -0.0142632991,
    "eps": -1.53,
    "epsdiluted": -1.53,
    "weightedAverageShsOut": 920000000,
    "weightedAverageShsOutDil": 922000000,
    "link": "https://www.sec.gov/Archives/edgar/data/731766/000073176624000155/0000731766-24-000155-index.htm",
    "finalLink": "https://www.sec.gov/Archives/edgar/data/731766/000073176624000155/unh-20240331.htm"
  },
  {
    "date": "2023-12-31",
    "symbol": "UNH",
    "reportedCurrency": "USD",
    "cik": "0000731766",
    "fillingDate": "2023-12-31",
    "acceptedDate": "2023-12-29 19:00:00",
    "calendarYear": "2023",
    "period": "Q4",
    "revenue": 93248000000,
    "costOfRevenue": 72425000000,
    "grossProfit": 20823000000,
    "grossProfitRatio": 0.2233077385,
    "researchAndDevelopmentExpenses": 0,
    "generalAndAdministrativeExpenses": 0,
    "sellingAndMarketingExpenses": 0,
    "sellingGeneralAndAdministrativeExpenses": 0,
    "otherExpenses": 974000000,
    "operatingExpenses": 14313000000,
    "costAndExpenses": 86738000000,
    "interestIncome": 0,
    "interestExpense": 830000000,
    "depreciationAndAmortization": 974000000,
    "ebitda": 7484000000,
    "ebitdaratio": 0.080259094,
    "operatingIncome": 7689000000,
    "operatingIncomeRatio": 0.0824575326,
    "totalOtherIncomeExpensesNet": -830000000,
    "incomeBeforeTax": 6859000000,
    "incomeBeforeTaxRatio": 0.0735565374,
    "incomeTaxExpense": 1184000000,
    "netIncome": 5455000000,
    "netIncomeRatio": 0.0584999142,
    "eps": 5.9,
    "epsdiluted": 5.83,
    "weightedAverageShsOut": 924000000,
    "weightedAverageShsOutDil": 935000000,
    "link": null,
    "finalLink": null
  },
  {
    "date": "2023-09-30",
    "symbol": "UNH",
    "reportedCurrency": "USD",
    "cik": "0000731766",
    "fillingDate": "2023-11-06",
    "acceptedDate": "2023-11-06 16:05:14",
    "calendarYear": "2023",
    "period": "Q3",
    "revenue": 91364000000,
    "costOfRevenue": 68973000000,
    "grossProfit": 22391000000,
    "grossProfitRatio": 0.2450746465,
    "researchAndDevelopmentExpenses": 0,
    "generalAndAdministrativeExpenses": 0,
    "sellingAndMarketingExpenses": 0,
    "sellingGeneralAndAdministrativeExpenses": 0,
    "otherExpenses": 14862000000,
    "operatingExpenses": 14862000000,
    "costAndExpenses": 83835000000,
    "interestIncome": 0,
    "interestExpense": 834000000,
    "depreciationAndAmortization": 1007000000,
    "ebitda": 8536000000,
    "ebitdaratio": 0.0934284839,
    "operatingIncome": 8526000000,
    "operatingIncomeRatio": 0.0933190316,
    "totalOtherIncomeExpensesNet": -834000000,
    "incomeBeforeTax": 7692000000,
    "incomeBeforeTaxRatio": 0.0841907097,
    "incomeTaxExpense": 1654000000,
    "netIncome": 5841000000,
    "netIncomeRatio": 0.0639310888,
    "eps": 6.31,
    "epsdiluted": 6.24,
    "weightedAverageShsOut": 926000000,
    "weightedAverageShsOutDil": 936000000,
    "link": "https://www.sec.gov/Archives/edgar/data/731766/000073176623000064/0000731766-23-000064-index.htm",
    "finalLink": "https://www.sec.gov/Archives/edgar/data/731766/000073176623000064/unh-20230930.htm"
  },
  {
    "date": "2023-06-30",
    "symbol": "UNH",
    "reportedCurrency": "USD",
    "cik": "0000731766",
    "fillingDate": "2023-08-02",
    "acceptedDate": "2023-08-02 16:21:04",
    "calendarYear": "2023",
    "period": "Q2",
    "revenue": 91788000000,
    "costOfRevenue": 70016000000,
    "grossProfit": 21772000000,
    "grossProfitRatio": 0.2371987624,
    "researchAndDevelopmentExpenses": 0,
    "generalAndAdministrativeExpenses": 0,
    "sellingAndMarketingExpenses": 0,
    "sellingGeneralAndAdministrativeExpenses": 0,
    "otherExpenses": 1021000000,
    "operatingExpenses": 14830000000,
    "costAndExpenses": 84846000000,
    "interestIncome": 0,
    "interestExpense": 828000000,
    "depreciationAndAmortization": 1021000000,
    "ebitda": 9078000000,
    "ebitdaratio": 0.0989018172,
    "operatingIncome": 8057000000,
    "operatingIncomeRatio": 0.0877783588,
    "totalOtherIncomeExpensesNet": -828000000,
    "incomeBeforeTax": 7229000000,
    "incomeBeforeTaxRatio": 0.0787575718,
    "incomeTaxExpense": 1572000000,
    "netIncome": 5474000000,
    "netIncomeRatio": 0.0596374254,
    "eps": 5.89,
    "epsdiluted": 5.82,
    "weightedAverageShsOut": 930000000,
    "weightedAverageShsOutDil": 940000000,
    "link": "https://www.sec.gov/Archives/edgar/data/731766/000073176623000053/0000731766-23-000053-index.htm",
    "finalLink": "https://www.sec.gov/Archives/edgar/data/731766/000073176623000053/unh-20230630.htm"
  },
  {
    "date": "2023-03-31",
    "symbol": "UNH",
    "reportedCurrency": "USD",
    "cik": "0000731766",
    "fillingDate": "2023-05-03",
    "acceptedDate": "2023-05-03 16:05:05",
    "calendarYear": "2023",
    "period": "Q1",
    "revenue": 91931000000,
    "costOfRevenue": 69250000000,
    "grossProfit": 22681000000,
    "grossProfitRatio": 0.2467176469,
    "researchAndDevelopmentExpenses": 0,
    "generalAndAdministrativeExpenses": 0,
    "sellingAndMarketingExpenses": 0,
    "sellingGeneralAndAdministrativeExpenses": 0,
    "otherExpenses": 14595000000,
    "operatingExpenses": 14595000000,
    "costAndExpenses": 83845000000,
    "interestIncome": 0,
    "interestExpense": 754000000,
    "depreciationAndAmortization": 970000000,
    "ebitda": 9056000000,
    "ebitdaratio": 0.0985086641,
    "operatingIncome": 8086000000,
    "operatingIncomeRatio": 0.0879572723,
    "totalOtherIncomeExpensesNet": -754000000,
    "incomeBeforeTax": 7332000000,
    "incomeBeforeTaxRatio": 0.0797554688,
    "incomeTaxExpense": 1558000000,
    "netIncome": 5611000000,
    "netIncomeRatio": 0.0610349066,
    "eps": 6.02,
    "epsdiluted": 5.95,
    "weightedAverageShsOut": 932000000,
    "weightedAverageShsOutDil": 943000000,
    "link": "https://www.sec.gov/Archives/edgar/data/731766/000073176623000029/0000731766-23-000029-index.htm",
    "finalLink": "https://www.sec.gov/Archives/edgar/data/731766/000073176623000029/unh-20230331.htm"
  },
  {
    "date": "2022-12-31",
    "symbol": "UNH",
    "reportedCurrency": "USD",
    "cik": "0000731766",
    "fillingDate": "2023-02-24",
    "acceptedDate": "2023-02-24 17:28:40",
    "calendarYear": "2022",
    "period": "Q4",
    "revenue": 82787000000,
    "costOfRevenue": 61905000000,
    "grossProfit": 20882000000,
    "grossProfitRatio": 0.2522376702,
    "researchAndDevelopmentExpenses": 0,
    "generalAndAdministrativeExpenses": 0,
    "sellingAndMarketingExpenses": 0,
    "sellingGeneralAndAdministrativeExpenses": 0,
    "otherExpenses": 982000000,
    "operatingExpenses": 13991000000,
    "costAndExpenses": 75896000000,
    "interestIncome": 0,
    "interestExpense": 676000000,
    "depreciationAndAmortization": 982000000,
    "ebitda": 7873000000,
    "ebitdaratio": 0.0950994721,
    "operatingIncome": 6891000000,
    "operatingIncomeRatio": 0.0832377064,
    "totalOtherIncomeExpensesNet": -676000000,
    "incomeBeforeTax": 6215000000,
    "incomeBeforeTaxRatio": 0.0750721732,
    "incomeTaxExpense": 1307000000,
    "netIncome": 4761000000,
    "netIncomeRatio": 0.0575090292,
    "eps": 5.1,
    "epsdiluted": 5.03,
    "weightedAverageShsOut": 934000000,
    "weightedAverageShsOutDil": 947000000,
    "link": "https://www.sec.gov/Archives/edgar/data/731766/000073176623000008/0000731766-23-000008-index.htm",
    "finalLink": "https://www.sec.gov/Archives/edgar/data/731766/000073176623000008/unh-20221231.htm"
  },
  {
    "date": "2022-09-30",
    "symbol": "UNH",
    "reportedCurrency": "USD",
    "cik": "0000731766",
    "fillingDate": "2022-11-02",
    "acceptedDate": "2022-11-02 16:08:29",
    "calendarYear": "2022",
    "period": "Q3",
    "revenue": 80894000000,
    "costOfRevenue": 60941000000,
    "grossProfit": 19953000000,
    "grossProfitRatio": 0.2466561179,
    "researchAndDevelopmentExpenses": 0,
    "generalAndAdministrativeExpenses": 0,
    "sellingAndMarketingExpenses": 0,
    "sellingGeneralAndAdministrativeExpenses": 0,
    "otherExpenses": 828000000,
    "operatingExpenses": 12491000000,
    "costAndExpenses": 73432000000,
    "interestIncome": 0,
    "interestExpense": 516000000,
    "depreciationAndAmortization": 828000000,
    "ebitda": 8290000000,
    "ebitdaratio": 0.1024797884,
    "operatingIncome": 7462000000,
    "operatingIncomeRatio": 0.0922441714,
    "totalOtherIncomeExpensesNet": -516000000,
    "incomeBeforeTax": 6946000000,
    "incomeBeforeTaxRatio": 0.0858654536,
    "incomeTaxExpense": 1562000000,
    "netIncome": 5262000000,
    "netIncomeRatio": 0.0650480876,
    "eps": 5.63,
    "epsdiluted": 5.55,
    "weightedAverageShsOut": 935000000,
    "weightedAverageShsOutDil": 948000000,
    "link": "https://www.sec.gov/Archives/edgar/data/731766/000073176622000044/0000731766-22-000044-index.htm",
    "finalLink": "https://www.sec.gov/Archives/edgar/data/731766/000073176622000044/unh-20220930.htm"
  },
  {
    "date": "2022-06-30",
    "symbol": "UNH",
    "reportedCurrency": "USD",
    "cik": "0000731766",
    "fillingDate": "2022-08-03",
    "acceptedDate": "2022-08-03 16:06:54",
    "calendarYear": "2022",
    "period": "Q2",
    "revenue": 80332000000,
    "costOfRevenue": 60689000000,
    "grossProfit": 19643000000,
    "grossProfitRatio": 0.2445227307,
    "researchAndDevelopmentExpenses": 0,
    "generalAndAdministrativeExpenses": 0,
    "sellingAndMarketingExpenses": 0,
    "sellingGeneralAndAdministrativeExpenses": 0,
    "otherExpenses": 802000000,
    "operatingExpenses": 12511000000,
    "costAndExpenses": 73200000000,
    "interestIncome": 0,
    "interestExpense": 467000000,
    "depreciationAndAmortization": 802000000,
    "ebitda": 7934000000,
    "ebitdaratio": 0.0987651247,
    "operatingIncome": 7132000000,
    "operatingIncomeRatio": 0.0887815565,
    "totalOtherIncomeExpensesNet": -467000000,
    "incomeBeforeTax": 6665000000,
    "incomeBeforeTaxRatio": 0.082968182,
    "incomeTaxExpense": 1466000000,
    "netIncome": 5070000000,
    "netIncomeRatio": 0.0631130807,
    "eps": 5.42,
    "epsdiluted": 5.34,
    "weightedAverageShsOut": 935000000,
    "weightedAverageShsOutDil": 950000000,
    "link": "https://www.sec.gov/Archives/edgar/data/731766/000073176622000036/0000731766-22-000036-index.htm",
    "finalLink": "https://www.sec.gov/Archives/edgar/data/731766/000073176622000036/unh-20220630.htm"
  },
  {
    "date": "2022-03-31",
    "symbol": "UNH",
    "reportedCurrency": "USD",
    "cik": "0000731766",
    "fillingDate": "2022-05-04",
    "acceptedDate": "2022-05-04 16:46:28",
    "calendarYear": "2022",
    "period": "Q1",
    "revenue": 80149000000,
    "costOfRevenue": 61010000000,
    "grossProfit": 19139000000,
    "grossProfitRatio": 0.2387927485,
    "researchAndDevelopmentExpenses": 0,
    "generalAndAdministrativeExpenses": 0,
    "sellingAndMarketingExpenses": 0,
    "sellingGeneralAndAdministrativeExpenses": 0,
    "otherExpenses": 788000000,
    "operatingExpenses": 12189000000,
    "costAndExpenses": 73199000000,
    "interestIncome": 0,
    "interestExpense": 433000000,
    "depreciationAndAmortization": 788000000,
    "ebitda": 7738000000,
    "ebitdaratio": 0.0965451846,
    "operatingIncome": 6950000000,
    "operatingIncomeRatio": 0.0867134961,
    "totalOtherIncomeExpensesNet": -433000000,
    "incomeBeforeTax": 6517000000,
    "incomeBeforeTaxRatio": 0.0813110582,
    "incomeTaxExpense": 1369000000,
    "netIncome": 5027000000,
    "netIncomeRatio": 0.0627206827,
    "eps": 5.35,
    "epsdiluted": 5.27,
    "weightedAverageShsOut": 939000000,
    "weightedAverageShsOutDil": 954000000,
    "link": "https://www.sec.gov/Archives/edgar/data/731766/000073176622000019/0000731766-22-000019-index.htm",
    "finalLink": "https://www.sec.gov/Archives/edgar/data/731766/000073176622000019/unh-20220331.htm"
  },
  {
    "date": "2021-12-31",
    "symbol": "UNH",
    "reportedCurrency": "USD",
    "cik": "0000731766",
    "fillingDate": "2022-02-15",
    "acceptedDate": "2022-02-15 16:50:18",
    "calendarYear": "2021",
    "period": "Q4",
    "revenue": 73743000000,
    "costOfRevenue": 56159000000,
    "grossProfit": 17584000000,
    "grossProfitRatio": 0.2384497512,
    "researchAndDevelopmentExpenses": 0,
    "generalAndAdministrativeExpenses": 0,
    "sellingAndMarketingExpenses": 0,
    "sellingGeneralAndAdministrativeExpenses": 0,
    "otherExpenses": 771000000,
    "operatingExpenses": 12043000000,
    "costAndExpenses": 68202000000,
    "interestIncome": 0,
    "interestExpense": 431000000,
    "depreciationAndAmortization": 771000000,
    "ebitda": 6312000000,
    "ebitdaratio": 0.0855945649,
    "operatingIncome": 5541000000,
    "operatingIncomeRatio": 0.0751393353,
    "totalOtherIncomeExpensesNet": -431000000,
    "incomeBeforeTax": 5110000000,
    "incomeBeforeTaxRatio": 0.0692947127,
    "incomeTaxExpense": 919000000,
    "netIncome": 4071000000,
    "netIncomeRatio": 0.0552052398,
    "eps": 4.33,
    "epsdiluted": 4.26,
    "weightedAverageShsOut": 941000000,
    "weightedAverageShsOutDil": 955000000,
    "link": "https://www.sec.gov/Archives/edgar/data/731766/000073176622000008/0000731766-22-000008-index.htm",
    "finalLink": "https://www.sec.gov/Archives/edgar/data/731766/000073176622000008/unh-20211231.htm"
  },
  {
    "date": "2021-09-30",
    "symbol": "UNH",
    "reportedCurrency": "USD",
    "cik": "0000731766",
    "fillingDate": "2021-11-03",
    "acceptedDate": "2021-11-03 16:14:36",
    "calendarYear": "2021",
    "period": "Q3",
    "revenue": 72337000000,
    "costOfRevenue": 55104000000,
    "grossProfit": 17233000000,
    "grossProfitRatio": 0.2382321633,
    "researchAndDevelopmentExpenses": 0,
    "generalAndAdministrativeExpenses": 0,
    "sellingAndMarketingExpenses": 0,
    "sellingGeneralAndAdministrativeExpenses": 0,
    "otherExpenses": 796000000,
    "operatingExpenses": 11521000000,
    "costAndExpenses": 66625000000,
    "interestIncome": 0,
    "interestExpense": 422000000,
    "depreciationAndAmortization": 796000000,
    "ebitda": 6508000000,
    "ebitdaratio": 0.0899677897,
    "operatingIncome": 5712000000,
    "operatingIncomeRatio": 0.0789637392,
    "totalOtherIncomeExpensesNet": -422000000,
    "incomeBeforeTax": 5290000000,
    "incomeBeforeTaxRatio": 0.0731299335,
    "incomeTaxExpense": 1099000000,
    "netIncome": 4086000000,
    "netIncomeRatio": 0.0564856159,
    "eps": 4.34,
    "epsdiluted": 4.28,
    "weightedAverageShsOut": 942000000,
    "weightedAverageShsOutDil": 955000000,
    "link": "https://www.sec.gov/Archives/edgar/data/731766/000073176621000051/0000731766-21-000051-index.htm",
    "finalLink": "https://www.sec.gov/Archives/edgar/data/731766/000073176621000051/unh-20210930.htm"
  },
  {
    "date": "2021-06-30",
    "symbol": "UNH",
    "reportedCurrency": "USD",
    "cik": "0000731766",
    "fillingDate": "2021-08-03",
    "acceptedDate": "2021-08-03 17:02:20",
    "calendarYear": "2021",
    "period": "Q2",
    "revenue": 71321000000,
    "costOfRevenue": 54206000000,
    "grossProfit": 17115000000,
    "grossProfitRatio": 0.2399713969,
    "researchAndDevelopmentExpenses": 0,
    "generalAndAdministrativeExpenses": 0,
    "sellingAndMarketingExpenses": 0,
    "sellingGeneralAndAdministrativeExpenses": 0,
    "otherExpenses": 778000000,
    "operatingExpenses": 11137000000,
    "costAndExpenses": 65343000000,
    "interestIncome": 0,
    "interestExpense": 410000000,
    "depreciationAndAmortization": 778000000,
    "ebitda": 6756000000,
    "ebitdaratio": 0.0947266583,
    "operatingIncome": 5978000000,
    "operatingIncomeRatio": 0.0838182303,
    "totalOtherIncomeExpensesNet": -410000000,
    "incomeBeforeTax": 5568000000,
    "incomeBeforeTaxRatio": 0.0780695728,
    "incomeTaxExpense": 1196000000,
    "netIncome": 4266000000,
    "netIncomeRatio": 0.05981408,
    "eps": 4.52,
    "epsdiluted": 4.46,
    "weightedAverageShsOut": 943000000,
    "weightedAverageShsOutDil": 956000000,
    "link": "https://www.sec.gov/Archives/edgar/data/731766/000073176621000037/0000731766-21-000037-index.htm",
    "finalLink": "https://www.sec.gov/Archives/edgar/data/731766/000073176621000037/unh-20210630.htm"
  },
  {
    "date": "2021-03-31",
    "symbol": "UNH",
    "reportedCurrency": "USD",
    "cik": "0000731766",
    "fillingDate": "2021-05-05",
    "acceptedDate": "2021-05-05 17:17:06",
    "calendarYear": "2021",
    "period": "Q1",
    "revenue": 70196000000,
    "costOfRevenue": 52476000000,
    "grossProfit": 17720000000,
    "grossProfitRatio": 0.2524360362,
    "researchAndDevelopmentExpenses": 0,
    "generalAndAdministrativeExpenses": 0,
    "sellingAndMarketingExpenses": 0,
    "sellingGeneralAndAdministrativeExpenses": 0,
    "otherExpenses": 758000000,
    "operatingExpenses": 10981000000,
    "costAndExpenses": 63457000000,
    "interestIncome": 0,
    "interestExpense": 397000000,
    "depreciationAndAmortization": 758000000,
    "ebitda": 7497000000,
    "ebitdaratio": 0.1068009573,
    "operatingIncome": 6739000000,
    "operatingIncomeRatio": 0.0960026212,
    "totalOtherIncomeExpensesNet": -397000000,
    "incomeBeforeTax": 6342000000,
    "incomeBeforeTaxRatio": 0.0903470283,
    "incomeTaxExpense": 1364000000,
    "netIncome": 4862000000,
    "netIncomeRatio": 0.0692632059,
    "eps": 5.15,
    "epsdiluted": 5.08,
    "weightedAverageShsOut": 944000000,
    "weightedAverageShsOutDil": 957000000,
    "link": "https://www.sec.gov/Archives/edgar/data/731766/000073176621000021/0000731766-21-000021-index.htm",
    "finalLink": "https://www.sec.gov/Archives/edgar/data/731766/000073176621000021/unh-20210331.htm"
  },
  {
    "date": "2020-12-31",
    "symbol": "UNH",
    "reportedCurrency": "USD",
    "cik": "0000731766",
    "fillingDate": "2021-03-01",
    "acceptedDate": "2021-03-01 16:02:27",
    "calendarYear": "2020",
    "period": "Q4",
    "revenue": 65467000000,
    "costOfRevenue": 49704000000,
    "grossProfit": 15763000000,
    "grossProfitRatio": 0.2407777964,
    "researchAndDevelopmentExpenses": 0,
    "generalAndAdministrativeExpenses": 0,
    "sellingAndMarketingExpenses": 0,
    "sellingGeneralAndAdministrativeExpenses": 0,
    "otherExpenses": 732000000,
    "operatingExpenses": 12246000000,
    "costAndExpenses": 61950000000,
    "interestIncome": 0,
    "interestExpense": 401000000,
    "depreciationAndAmortization": 732000000,
    "ebitda": 4249000000,
    "ebitdaratio": 0.0649029282,
    "operatingIncome": 3517000000,
    "operatingIncomeRatio": 0.0537217224,
    "totalOtherIncomeExpensesNet": -401000000,
    "incomeBeforeTax": 3116000000,
    "incomeBeforeTaxRatio": 0.047596499,
    "incomeTaxExpense": 764000000,
    "netIncome": 2212000000,
    "netIncomeRatio": 0.0337880153,
    "eps": 2.34,
    "epsdiluted": 2.3,
    "weightedAverageShsOut": 946000000,
    "weightedAverageShsOutDil": 961000000,
    "link": "https://www.sec.gov/Archives/edgar/data/731766/000073176621000013/0000731766-21-000013-index.htm",
    "finalLink": "https://www.sec.gov/Archives/edgar/data/731766/000073176621000013/unh-20201231.htm"
  },
  {
    "date": "2020-09-30",
    "symbol": "UNH",
    "reportedCurrency": "USD",
    "cik": "0000731766",
    "fillingDate": "2020-11-02",
    "acceptedDate": "2020-11-02 16:15:17",
    "calendarYear": "2020",
    "period": "Q3",
    "revenue": 65115000000,
    "costOfRevenue": 49571000000,
    "grossProfit": 15544000000,
    "grossProfitRatio": 0.2387161176,
    "researchAndDevelopmentExpenses": 0,
    "generalAndAdministrativeExpenses": 0,
    "sellingAndMarketingExpenses": 0,
    "sellingGeneralAndAdministrativeExpenses": 0,
    "otherExpenses": 719000000,
    "operatingExpenses": 10893000000,
    "costAndExpenses": 60464000000,
    "interestIncome": 0,
    "interestExpense": 395000000,
    "depreciationAndAmortization": 719000000,
    "ebitda": 5370000000,
    "ebitdaratio": 0.0824694771,
    "operatingIncome": 4651000000,
    "operatingIncomeRatio": 0.0714274745,
    "totalOtherIncomeExpensesNet": -395000000,
    "incomeBeforeTax": 4256000000,
    "incomeBeforeTaxRatio": 0.0653612839,
    "incomeTaxExpense": 1000000000,
    "netIncome": 3172000000,
    "netIncomeRatio": 0.048713814,
    "eps": 3.34,
    "epsdiluted": 3.3,
    "weightedAverageShsOut": 949000000,
    "weightedAverageShsOutDil": 962000000,
    "link": "https://www.sec.gov/Archives/edgar/data/731766/000073176620000049/0000731766-20-000049-index.htm",
    "finalLink": "https://www.sec.gov/Archives/edgar/data/731766/000073176620000049/unh-20200930.htm"
  },
  {
    "date": "2020-06-30",
    "symbol": "UNH",
    "reportedCurrency": "USD",
    "cik": "0000731766",
    "fillingDate": "2020-08-03",
    "acceptedDate": "2020-07-31 20:03:23",
    "calendarYear": "2020",
    "period": "Q2",
    "revenue": 62138000000,
    "costOfRevenue": 42179000000,
    "grossProfit": 19959000000,
    "grossProfitRatio": 0.321204416,
    "researchAndDevelopmentExpenses": 0,
    "generalAndAdministrativeExpenses": 0,
    "sellingAndMarketingExpenses": 0,
    "sellingGeneralAndAdministrativeExpenses": 0,
    "otherExpenses": 717000000,
    "operatingExpenses": 10718000000,
    "costAndExpenses": 52897000000,
    "interestIncome": 0,
    "interestExpense": 430000000,
    "depreciationAndAmortization": 717000000,
    "ebitda": 9958000000,
    "ebitdaratio": 0.1602562039,
    "operatingIncome": 9241000000,
    "operatingIncomeRatio": 0.148717371,
    "totalOtherIncomeExpensesNet": -430000000,
    "incomeBeforeTax": 8811000000,
    "incomeBeforeTaxRatio": 0.1417972899,
    "incomeTaxExpense": 2115000000,
    "netIncome": 6637000000,
    "netIncomeRatio": 0.1068106473,
    "eps": 6.99,
    "epsdiluted": 6.91,
    "weightedAverageShsOut": 950000000,
    "weightedAverageShsOutDil": 960000000,
    "link": "https://www.sec.gov/Archives/edgar/data/731766/000073176620000042/0000731766-20-000042-index.htm",
    "finalLink": "https://www.sec.gov/Archives/edgar/data/731766/000073176620000042/unh-20200630.htm"
  },
  {
    "date": "2020-03-31",
    "symbol": "UNH",
    "reportedCurrency": "USD",
    "cik": "0000731766",
    "fillingDate": "2020-05-06",
    "acceptedDate": "2020-05-06 17:11:29",
    "calendarYear": "2020",
    "period": "Q1",
    "revenue": 64421000000,
    "costOfRevenue": 48687000000,
    "grossProfit": 15734000000,
    "grossProfitRatio": 0.2442371276,
    "researchAndDevelopmentExpenses": 0,
    "generalAndAdministrativeExpenses": 0,
    "sellingAndMarketingExpenses": 0,
    "sellingGeneralAndAdministrativeExpenses": 0,
    "otherExpenses": 723000000,
    "operatingExpenses": 10738000000,
    "costAndExpenses": 59425000000,
    "interestIncome": 0,
    "interestExpense": 437000000,
    "depreciationAndAmortization": 723000000,
    "ebitda": 5719000000,
    "ebitdaratio": 0.0887753993,
    "operatingIncome": 4996000000,
    "operatingIncomeRatio": 0.0775523509,
    "totalOtherIncomeExpensesNet": -437000000,
    "incomeBeforeTax": 4559000000,
    "incomeBeforeTaxRatio": 0.0707688487,
    "incomeTaxExpense": 1094000000,
    "netIncome": 3382000000,
    "netIncomeRatio": 0.0524984089,
    "eps": 3.57,
    "epsdiluted": 3.52,
    "weightedAverageShsOut": 947000000,
    "weightedAverageShsOutDil": 962000000,
    "link": "https://www.sec.gov/Archives/edgar/data/731766/000073176620000026/0000731766-20-000026-index.htm",
    "finalLink": "https://www.sec.gov/Archives/edgar/data/731766/000073176620000026/unh202033110-q.htm"
  }
]