[
  {
    "date": "2024-12-31",
    "symbol": "IBN",
    "reportedCurrency": "INR",
    "cik": "0000000000",
    "fillingDate": "2024-12-31",
    "acceptedDate": "2024-12-31 00:00:00",
    "calendarYear": "2024",
    "period": "Q3",
    "revenue": 519931500000,
    "costOfRevenue": 0,
    "grossProfit": 519931500000,
    "grossProfitRatio": 1,
    "researchAndDevelopmentExpenses": 0,
    "generalAndAdministrativeExpenses": 245583700000,
    "sellingAndMarketingExpenses": 0,
    "sellingGeneralAndAdministrativeExpenses": 245583700000,
    "otherExpenses": 274347800000,
    "operatingExpenses": 519931500000,
    "costAndExpenses": 519931500000,
    "interestIncome": 470371200000,
    "interestExpense": 226334100000,
    "depreciationAndAmortization": 0,
    "ebitda": 0,
    "ebitdaratio": 0,
    "operatingIncome": -822694200000,
    "operatingIncomeRatio": -1.58231267,
    "totalOtherIncomeExpensesNet": 1007707200000,
    "incomeBeforeTax": 185013000000,
    "incomeBeforeTaxRatio": 0.355841106,
    "incomeTaxExpense": 46544100000,
    "netIncome": 128833700000,
    "netIncomeRatio": 0.2477897569,
    "eps": 36.52,
    "epsdiluted": 35.9,
    "weightedAverageShsOut": 3527757393,
    "weightedAverageShsOutDil": 3588682451,
    "link": null,
    "finalLink": null
  },
  {
    "date": "2024-09-30",
    "symbol": "IBN",
    "reportedCurrency": "INR",
    "cik": "0000000000",
    "fillingDate": "2024-09-30",
    "acceptedDate": "2024-09-28 20:00:00",
    "calendarYear": "2024",
    "period": "Q2",
    "revenue": 729425500000,
    "costOfRevenue": -222253000000,
    "grossProfit": 951678500000,
    "grossProfitRatio": 1.3046959559,
    "researchAndDevelopmentExpenses": 0,
    "generalAndAdministrativeExpenses": 233347900000,
    "sellingAndMarketingExpenses": 0,
    "sellingGeneralAndAdministrativeExpenses": 233347900000,
    "otherExpenses": 273824600000,
    "operatingExpenses": 507172500000,
    "costAndExpenses": 507172500000,
    "interestIncome": 463257800000,
    "interestExpense": 222253000000,
    "depreciationAndAmortization": 451900000,
    "ebitda": 185416500000,
    "ebitdaratio": 0.2541952537,
    "operatingIncome": 184964600000,
    "operatingIncomeRatio": 0.253575725,
    "totalOtherIncomeExpensesNet": 451900000,
    "incomeBeforeTax": 185416500000,
    "incomeBeforeTaxRatio": 0.2541952537,
    "incomeTaxExpense": 46356600000,
    "netIncome": 129477700000,
    "netIncomeRatio": 0.1775064074,
    "eps": 18.39,
    "epsdiluted": 18.05,
    "weightedAverageShsOut": 7040657966,
    "weightedAverageShsOutDil": 7173279778,
    "link": "https://www.nseindia.com/companies-listing/corporate-filings-annual-reports",
    "finalLink": "https://www.nseindia.com/companies-listing/corporate-filings-annual-reports"
  },
  {
    "date": "2024-06-30",
    "symbol": "IBN",
    "reportedCurrency": "INR",
    "cik": "0000000000",
    "fillingDate": "2024-06-30",
    "acceptedDate": "2024-06-28 20:00:00",
    "calendarYear": "2024",
    "period": "Q1",
    "revenue": 672700600000,
    "costOfRevenue": 0,
    "grossProfit": 672700600000,
    "grossProfitRatio": 1,
    "researchAndDevelopmentExpenses": 0,
    "generalAndAdministrativeExpenses": 61658500000,
    "sellingAndMarketingExpenses": 0,
    "sellingGeneralAndAdministrativeExpenses": 61658500000,
    "otherExpenses": -219053100000,
    "operatingExpenses": 219053100000,
    "costAndExpenses": 505086700000,
    "interestIncome": 445816500000,
    "interestExpense": 211216200000,
    "depreciationAndAmortization": 43276,
    "ebitda": -7669700000,
    "ebitdaratio": -0.0114013575,
    "operatingIncome": -7669700000,
    "operatingIncomeRatio": -0.0114013575,
    "totalOtherIncomeExpensesNet": -285464900000,
    "incomeBeforeTax": 168182600000,
    "incomeBeforeTaxRatio": 0.2500110748,
    "incomeTaxExpense": 43554500000,
    "netIncome": 116958400000,
    "netIncomeRatio": 0.1738639746,
    "eps": 16.64,
    "epsdiluted": 16.32,
    "weightedAverageShsOut": 7028750000,
    "weightedAverageShsOutDil": 7166568627,
    "link": "https://www.nseindia.com/companies-listing/corporate-filings-annual-reports",
    "finalLink": "https://www.nseindia.com/companies-listing/corporate-filings-annual-reports"
  },
  {
    "date": "2024-03-31",
    "symbol": "IBN",
    "reportedCurrency": "INR",
    "cik": "0000000000",
    "fillingDate": "2024-03-31",
    "acceptedDate": "2024-03-29 20:00:00",
    "calendarYear": "2023",
    "period": "Q4",
    "revenue": 671817000000,
    "costOfRevenue": 0,
    "grossProfit": 671817000000,
    "grossProfitRatio": 1,
    "researchAndDevelopmentExpenses": 0,
    "generalAndAdministrativeExpenses": 49492300000,
    "sellingAndMarketingExpenses": 0,
    "sellingGeneralAndAdministrativeExpenses": 49492300000,
    "otherExpenses": -249571900000,
    "operatingExpenses": 249571900000,
    "costAndExpenses": 510280600000,
    "interestIncome": 426067200000,
    "interestExpense": 204237300000,
    "depreciationAndAmortization": -161536400000,
    "ebitda": 0,
    "ebitdaratio": 0,
    "operatingIncome": 161536400000,
    "operatingIncomeRatio": 0.2404470265,
    "totalOtherIncomeExpensesNet": 77070930000,
    "incomeBeforeTax": 163809600000,
    "incomeBeforeTaxRatio": 0.243830686,
    "incomeTaxExpense": 41809100000,
    "netIncome": 116715200000,
    "netIncomeRatio": 0.1737306439,
    "eps": 16.63,
    "epsdiluted": 16.32,
    "weightedAverageShsOut": 7018352375,
    "weightedAverageShsOutDil": 7151666667,
    "link": "https://www.nseindia.com/companies-listing/corporate-filings-annual-reports",
    "finalLink": "https://www.nseindia.com/companies-listing/corporate-filings-annual-reports"
  },
  {
    "date": "2023-12-31",
    "symbol": "IBN",
    "reportedCurrency": "INR",
    "cik": "0000000000",
    "fillingDate": "2023-12-31",
    "acceptedDate": "2023-12-30 19:00:00",
    "calendarYear": "2023",
    "period": "Q3",
    "revenue": 394439700000,
    "costOfRevenue": 0,
    "grossProfit": 394439700000,
    "grossProfitRatio": 1,
    "researchAndDevelopmentExpenses": 0,
    "generalAndAdministrativeExpenses": 47491900000,
    "sellingAndMarketingExpenses": 0,
    "sellingGeneralAndAdministrativeExpenses": 47491900000,
    "otherExpenses": -292538900000,
    "operatingExpenses": -245047000000,
    "costAndExpenses": -245047000000,
    "interestIncome": 408652300000,
    "interestExpense": 194087600000,
    "depreciationAndAmortization": -151418600000,
    "ebitda": 0,
    "ebitdaratio": 0,
    "operatingIncome": 149392700000,
    "operatingIncomeRatio": 0.378746612,
    "totalOtherIncomeExpensesNet": 5092200000,
    "incomeBeforeTax": 154018200000,
    "incomeBeforeTaxRatio": 0.3904733727,
    "incomeTaxExpense": 38866700000,
    "netIncome": 110526000000,
    "netIncomeRatio": 0.280210131,
    "eps": 15.77,
    "epsdiluted": 15.47,
    "weightedAverageShsOut": 7008623969,
    "weightedAverageShsOutDil": 7144537815,
    "link": "https://www.nseindia.com/companies-listing/corporate-filings-annual-reports",
    "finalLink": "https://www.nseindia.com/companies-listing/corporate-filings-annual-reports"
  },
  {
    "date": "2023-09-30",
    "symbol": "IBN",
    "reportedCurrency": "INR",
    "cik": "0000000000",
    "fillingDate": "2023-09-30",
    "acceptedDate": "2023-09-29 20:00:00",
    "calendarYear": "2023",
    "period": "Q2",
    "revenue": 393842500000,
    "costOfRevenue": 0,
    "grossProfit": 393842500000,
    "grossProfitRatio": 1,
    "researchAndDevelopmentExpenses": 0,
    "generalAndAdministrativeExpenses": 46622300000,
    "sellingAndMarketingExpenses": 0,
    "sellingGeneralAndAdministrativeExpenses": 46622300000,
    "otherExpenses": -293415300000,
    "operatingExpenses": -246793000000,
    "costAndExpenses": -246793000000,
    "interestIncome": 389380800000,
    "interestExpense": 179080100000,
    "depreciationAndAmortization": -148242300000,
    "ebitda": 0,
    "ebitdaratio": 0,
    "operatingIncome": 147049500000,
    "operatingIncomeRatio": 0.373371335,
    "totalOtherIncomeExpensesNet": -10053200000,
    "incomeBeforeTax": 151596800000,
    "incomeBeforeTaxRatio": 0.384917321,
    "incomeTaxExpense": 38088200000,
    "netIncome": 108961300000,
    "netIncomeRatio": 0.2766621175,
    "eps": 15.57,
    "epsdiluted": 15.27,
    "weightedAverageShsOut": 6998156711,
    "weightedAverageShsOutDil": 7135645055,
    "link": "https://www.nseindia.com/companies-listing/corporate-filings-annual-reports",
    "finalLink": "https://www.nseindia.com/companies-listing/corporate-filings-annual-reports"
  },
  {
    "date": "2023-06-30",
    "symbol": "IBN",
    "reportedCurrency": "INR",
    "cik": "0000000000",
    "fillingDate": "2023-06-30",
    "acceptedDate": "2023-06-29 20:00:00",
    "calendarYear": "2023",
    "period": "Q1",
    "revenue": 357163400000,
    "costOfRevenue": 0,
    "grossProfit": 357163400000,
    "grossProfitRatio": 1,
    "researchAndDevelopmentExpenses": 0,
    "generalAndAdministrativeExpenses": 48113300000,
    "sellingAndMarketingExpenses": 0,
    "sellingGeneralAndAdministrativeExpenses": 48113300000,
    "otherExpenses": -152453400000,
    "operatingExpenses": 198056300000,
    "costAndExpenses": 198056300000,
    "interestIncome": 371058900000,
    "interestExpense": 163676600000,
    "depreciationAndAmortization": -143146300000,
    "ebitda": 0,
    "ebitdaratio": 0,
    "operatingIncome": 143146300000,
    "operatingIncomeRatio": 0.4007865868,
    "totalOtherIncomeExpensesNet": 13733600000,
    "incomeBeforeTax": 145656700000,
    "incomeBeforeTaxRatio": 0.4078153025,
    "incomeTaxExpense": 35512200000,
    "netIncome": 106361200000,
    "netIncomeRatio": 0.2977942309,
    "eps": 15.22,
    "epsdiluted": 14.91,
    "weightedAverageShsOut": 6988252299,
    "weightedAverageShsOutDil": 7133547954,
    "link": "https://www.nseindia.com/companies-listing/corporate-filings-annual-reports",
    "finalLink": "https://www.nseindia.com/companies-listing/corporate-filings-annual-reports"
  },
  {
    "date": "2023-03-31",
    "symbol": "IBN",
    "reportedCurrency": "INR",
    "cik": "0000000000",
    "fillingDate": "2023-03-31",
    "acceptedDate": "2023-03-30 20:00:00",
    "calendarYear": "2022",
    "period": "Q4",
    "revenue": 394432800000,
    "costOfRevenue": 0,
    "grossProfit": 394432800000,
    "grossProfitRatio": 1,
    "researchAndDevelopmentExpenses": 0,
    "generalAndAdministrativeExpenses": 42480000000,
    "sellingAndMarketingExpenses": 65407090000,
    "sellingGeneralAndAdministrativeExpenses": 42480000000,
    "otherExpenses": -303396600000,
    "operatingExpenses": -260916600000,
    "costAndExpenses": -260916600000,
    "interestIncome": 344389100000,
    "interestExpense": 144794700000,
    "depreciationAndAmortization": -16907070000,
    "ebitda": 133516200000,
    "ebitdaratio": 0.3385017676,
    "operatingIncome": 133516200000,
    "operatingIncomeRatio": 0.3385017676,
    "totalOtherIncomeExpensesNet": 78732397000,
    "incomeBeforeTax": 137352100000,
    "incomeBeforeTaxRatio": 0.3482268716,
    "incomeTaxExpense": 34989200000,
    "netIncome": 98527008000,
    "netIncomeRatio": 0.249794155,
    "eps": 14.11,
    "epsdiluted": 13.84,
    "weightedAverageShsOut": 6982815731,
    "weightedAverageShsOutDil": 7119002890,
    "link": "https://www.nseindia.com/companies-listing/corporate-filings-annual-reports",
    "finalLink": "https://www.nseindia.com/companies-listing/corporate-filings-annual-reports"
  },
  {
    "date": "2022-12-31",
    "symbol": "IBN",
    "reportedCurrency": "INR",
    "cik": "0000000000",
    "fillingDate": "2022-12-31",
    "acceptedDate": "2022-12-30 19:00:00",
    "calendarYear": "2022",
    "period": "Q3",
    "revenue": 348816100000,
    "costOfRevenue": 0,
    "grossProfit": 348816100000,
    "grossProfitRatio": 1,
    "researchAndDevelopmentExpenses": 0,
    "generalAndAdministrativeExpenses": 37231000000,
    "sellingAndMarketingExpenses": 0,
    "sellingGeneralAndAdministrativeExpenses": 37231000000,
    "otherExpenses": -268128800000,
    "operatingExpenses": -230897800000,
    "costAndExpenses": -230897800000,
    "interestIncome": 316188100000,
    "interestExpense": 129778900000,
    "depreciationAndAmortization": -119355900000,
    "ebitda": 0,
    "ebitdaratio": 0,
    "operatingIncome": 117918300000,
    "operatingIncomeRatio": 0.3380529167,
    "totalOtherIncomeExpensesNet": -35814700000,
    "incomeBeforeTax": 121650300000,
    "incomeBeforeTaxRatio": 0.3487519641,
    "incomeTaxExpense": 29994100000,
    "netIncome": 87924200000,
    "netIncomeRatio": 0.2520646266,
    "eps": 12.61,
    "epsdiluted": 12.35,
    "weightedAverageShsOut": 6972577319,
    "weightedAverageShsOutDil": 7119368421,
    "link": "https://www.nseindia.com/companies-listing/corporate-filings-annual-reports",
    "finalLink": "https://www.nseindia.com/companies-listing/corporate-filings-annual-reports"
  },
  {
    "date": "2022-09-30",
    "symbol": "IBN",
    "reportedCurrency": "INR",
    "cik": "0000000000",
    "fillingDate": "2022-09-30",
    "acceptedDate": "2022-09-29 20:00:00",
    "calendarYear": "2022",
    "period": "Q2",
    "revenue": 331812500000,
    "costOfRevenue": 0,
    "grossProfit": 331812500000,
    "grossProfitRatio": 1,
    "researchAndDevelopmentExpenses": 0,
    "generalAndAdministrativeExpenses": 36758900000,
    "sellingAndMarketingExpenses": 0,
    "sellingGeneralAndAdministrativeExpenses": 36758900000,
    "otherExpenses": -260599000000,
    "operatingExpenses": -223840100000,
    "costAndExpenses": -223840100000,
    "interestIncome": 288504900000,
    "interestExpense": 119969700000,
    "depreciationAndAmortization": -108449400000,
    "ebitda": 0,
    "ebitdaratio": 0,
    "operatingIncome": 107972400000,
    "operatingIncomeRatio": 0.3254018459,
    "totalOtherIncomeExpensesNet": -47039600000,
    "incomeBeforeTax": 111514600000,
    "incomeBeforeTaxRatio": 0.336077152,
    "incomeTaxExpense": 27902500000,
    "netIncome": 80069900000,
    "netIncomeRatio": 0.24131068,
    "eps": 11.5,
    "epsdiluted": 11.25,
    "weightedAverageShsOut": 6962600000,
    "weightedAverageShsOutDil": 7117324444,
    "link": "https://www.nseindia.com/companies-listing/corporate-filings-annual-reports",
    "finalLink": "https://www.nseindia.com/companies-listing/corporate-filings-annual-reports"
  },
  {
    "date": "2022-06-30",
    "symbol": "IBN",
    "reportedCurrency": "INR",
    "cik": "0000000000",
    "fillingDate": "2022-06-30",
    "acceptedDate": "2022-06-29 20:00:00",
    "calendarYear": "2022",
    "period": "Q1",
    "revenue": 281292700000,
    "costOfRevenue": 0,
    "grossProfit": 281292700000,
    "grossProfitRatio": 1,
    "researchAndDevelopmentExpenses": 0,
    "generalAndAdministrativeExpenses": 35871800000,
    "sellingAndMarketingExpenses": 0,
    "sellingGeneralAndAdministrativeExpenses": 35871800000,
    "otherExpenses": -134195100000,
    "operatingExpenses": -167954300000,
    "costAndExpenses": -167954300000,
    "interestIncome": 261586000000,
    "interestExpense": 110890600000,
    "depreciationAndAmortization": -99917900000,
    "ebitda": 0,
    "ebitdaratio": 0,
    "operatingIncome": 98893900000,
    "operatingIncomeRatio": 0.3515693795,
    "totalOtherIncomeExpensesNet": -21191900000,
    "incomeBeforeTax": 102030500000,
    "incomeBeforeTaxRatio": 0.3627200421,
    "incomeTaxExpense": 25048600000,
    "netIncome": 73845300000,
    "netIncomeRatio": 0.2625212101,
    "eps": 10.62,
    "epsdiluted": 10.41,
    "weightedAverageShsOut": 6953418079,
    "weightedAverageShsOutDil": 7093688761,
    "link": "https://www.nseindia.com/companies-listing/corporate-filings-annual-reports",
    "finalLink": "https://www.nseindia.com/companies-listing/corporate-filings-annual-reports"
  },
  {
    "date": "2022-03-31",
    "symbol": "IBN",
    "reportedCurrency": "INR",
    "cik": "0000000000",
    "fillingDate": "2022-03-31",
    "acceptedDate": "2022-03-30 20:00:00",
    "calendarYear": "2021",
    "period": "Q4",
    "revenue": 322001300000,
    "costOfRevenue": 0,
    "grossProfit": 322001300000,
    "grossProfitRatio": 1,
    "researchAndDevelopmentExpenses": 0,
    "generalAndAdministrativeExpenses": 31153200000,
    "sellingAndMarketingExpenses": 49011460000,
    "sellingGeneralAndAdministrativeExpenses": 31153200000,
    "otherExpenses": -175567700000,
    "operatingExpenses": -204933296000,
    "costAndExpenses": -204933296000,
    "interestIncome": 249994600000,
    "interestExpense": 106339300000,
    "depreciationAndAmortization": -19673326000,
    "ebitda": 106035300000,
    "ebitdaratio": 0.3293008444,
    "operatingIncome": 136619560000,
    "operatingIncomeRatio": 0.4242826349,
    "totalOtherIncomeExpensesNet": 38587513000,
    "incomeBeforeTax": 106035300000,
    "incomeBeforeTaxRatio": 0.3293008444,
    "incomeTaxExpense": 25144200000,
    "netIncome": 77189400000,
    "netIncomeRatio": 0.2397176657,
    "eps": 11.11,
    "epsdiluted": 10.88,
    "weightedAverageShsOut": 6947740774,
    "weightedAverageShsOutDil": 7094613971,
    "link": "https://www.nseindia.com/companies-listing/corporate-filings-annual-reports",
    "finalLink": "https://www.nseindia.com/companies-listing/corporate-filings-annual-reports"
  },
  {
    "date": "2021-12-31",
    "symbol": "IBN",
    "reportedCurrency": "INR",
    "cik": "0000000000",
    "fillingDate": "2021-12-31",
    "acceptedDate": "2021-12-30 19:00:00",
    "calendarYear": "2021",
    "period": "Q3",
    "revenue": 294934300000,
    "costOfRevenue": 0,
    "grossProfit": 294934300000,
    "grossProfitRatio": 1,
    "researchAndDevelopmentExpenses": 0,
    "generalAndAdministrativeExpenses": 32325900000,
    "sellingAndMarketingExpenses": 0,
    "sellingGeneralAndAdministrativeExpenses": 32325900000,
    "otherExpenses": -151092000000,
    "operatingExpenses": -181488000000,
    "costAndExpenses": -181488000000,
    "interestIncome": 243142500000,
    "interestExpense": 103723700000,
    "depreciationAndAmortization": -90231000000,
    "ebitda": 0,
    "ebitdaratio": 0,
    "operatingIncome": 87927500000,
    "operatingIncomeRatio": 0.2981257182,
    "totalOtherIncomeExpensesNet": -45438400000,
    "incomeBeforeTax": 92160900000,
    "incomeBeforeTaxRatio": 0.3124794234,
    "incomeTaxExpense": 22562000000,
    "netIncome": 65365500000,
    "netIncomeRatio": 0.2216273251,
    "eps": 9.42,
    "epsdiluted": 9.21,
    "weightedAverageShsOut": 6939012739,
    "weightedAverageShsOutDil": 7097231270,
    "link": "https://www.nseindia.com/companies-listing/corporate-filings-annual-reports",
    "finalLink": "https://www.nseindia.com/companies-listing/corporate-filings-annual-reports"
  },
  {
    "date": "2021-09-30",
    "symbol": "IBN",
    "reportedCurrency": "INR",
    "cik": "0000000000",
    "fillingDate": "2021-09-30",
    "acceptedDate": "2021-09-29 20:00:00",
    "calendarYear": "2021",
    "period": "Q2",
    "revenue": 293919300000,
    "costOfRevenue": 0,
    "grossProfit": 293919300000,
    "grossProfitRatio": 1,
    "researchAndDevelopmentExpenses": 0,
    "generalAndAdministrativeExpenses": 30219200000,
    "sellingAndMarketingExpenses": 0,
    "sellingGeneralAndAdministrativeExpenses": 30219200000,
    "otherExpenses": -152450900000,
    "operatingExpenses": -180122399999,
    "costAndExpenses": -180122399999,
    "interestIncome": 234780000000,
    "interestExpense": 100925600000,
    "depreciationAndAmortization": -83507500000,
    "ebitda": 0,
    "ebitdaratio": 0,
    "operatingIncome": 81267600000,
    "operatingIncomeRatio": 0.2764963036,
    "totalOtherIncomeExpensesNet": -48977599999,
    "incomeBeforeTax": 86055200000,
    "incomeBeforeTaxRatio": 0.2927851284,
    "incomeTaxExpense": 20349200000,
    "netIncome": 60918400000,
    "netIncomeRatio": 0.2072623336,
    "eps": 8.79,
    "epsdiluted": 8.6,
    "weightedAverageShsOut": 6930420933,
    "weightedAverageShsOutDil": 7083534884,
    "link": "https://www.nseindia.com/companies-listing/corporate-filings-annual-reports",
    "finalLink": "https://www.nseindia.com/companies-listing/corporate-filings-annual-reports"
  },
  {
    "date": "2021-06-30",
    "symbol": "IBN",
    "reportedCurrency": "INR",
    "cik": "0000000000",
    "fillingDate": "2021-06-30",
    "acceptedDate": "2021-06-29 20:00:00",
    "calendarYear": "2021",
    "period": "Q1",
    "revenue": 287788600000,
    "costOfRevenue": 0,
    "grossProfit": 287788600000,
    "grossProfitRatio": 1,
    "researchAndDevelopmentExpenses": 0,
    "generalAndAdministrativeExpenses": 31009100000,
    "sellingAndMarketingExpenses": 0,
    "sellingGeneralAndAdministrativeExpenses": 31009100000,
    "otherExpenses": -153568400000,
    "operatingExpenses": -122559300000,
    "costAndExpenses": -122559300000,
    "interestIncome": 230972800000,
    "interestExpense": 100737400000,
    "depreciationAndAmortization": -66785899999,
    "ebitda": 0,
    "ebitdaratio": 0,
    "operatingIncome": 165229300000,
    "operatingIncomeRatio": 0.5741342777,
    "totalOtherIncomeExpensesNet": 1154400001,
    "incomeBeforeTax": 66785900000,
    "incomeBeforeTaxRatio": 0.2320658289,
    "incomeTaxExpense": 17017700000,
    "netIncome": 47474200000,
    "netIncomeRatio": 0.164962059,
    "eps": 6.86,
    "epsdiluted": 6.72,
    "weightedAverageShsOut": 6922630814,
    "weightedAverageShsOutDil": 7066424332,
    "link": "https://www.nseindia.com/companies-listing/corporate-filings-annual-reports",
    "finalLink": "https://www.nseindia.com/companies-listing/corporate-filings-annual-reports"
  },
  {
    "date": "2021-03-31",
    "symbol": "IBN",
    "reportedCurrency": "INR",
    "cik": "0000000000",
    "fillingDate": "2021-03-31",
    "acceptedDate": "2021-03-30 20:00:00",
    "calendarYear": "2020",
    "period": "Q4",
    "revenue": 336662100000,
    "costOfRevenue": 0,
    "grossProfit": 336662100000,
    "grossProfitRatio": 1,
    "researchAndDevelopmentExpenses": 0,
    "generalAndAdministrativeExpenses": 28032400000,
    "sellingAndMarketingExpenses": 48920061000,
    "sellingGeneralAndAdministrativeExpenses": 28032400000,
    "otherExpenses": -199488200000,
    "operatingExpenses": -171455800000,
    "costAndExpenses": -171455800000,
    "interestIncome": 222995800000,
    "interestExpense": 99550800000,
    "depreciationAndAmortization": -12016796000,
    "ebitda": 70103352000,
    "ebitdaratio": 0.2082306027,
    "operatingIncome": 165206300000,
    "operatingIncomeRatio": 0.4907184385,
    "totalOtherIncomeExpensesNet": 4447800000,
    "incomeBeforeTax": 70103300000,
    "incomeBeforeTaxRatio": 0.2082304483,
    "incomeTaxExpense": 16793900000,
    "netIncome": 48861600000,
    "netIncomeRatio": 0.145135434,
    "eps": 7.07,
    "epsdiluted": 6.93,
    "weightedAverageShsOut": 6911117397,
    "weightedAverageShsOutDil": 7050735931,
    "link": "https://www.nseindia.com/companies-listing/corporate-filings-annual-reports",
    "finalLink": "https://www.nseindia.com/companies-listing/corporate-filings-annual-reports"
  },
  {
    "date": "2020-12-31",
    "symbol": "IBN",
    "reportedCurrency": "INR",
    "cik": "0000000000",
    "fillingDate": "2020-12-31",
    "acceptedDate": "2020-12-30 19:00:00",
    "calendarYear": "2020",
    "period": "Q3",
    "revenue": 300424100000,
    "costOfRevenue": 0,
    "grossProfit": 300424100000,
    "grossProfitRatio": 1,
    "researchAndDevelopmentExpenses": 0,
    "generalAndAdministrativeExpenses": 26583800000,
    "sellingAndMarketingExpenses": 0,
    "sellingGeneralAndAdministrativeExpenses": 26583800000,
    "otherExpenses": -152523900000,
    "operatingExpenses": -125940100000,
    "costAndExpenses": -125940100000,
    "interestIncome": 222138800000,
    "interestExpense": 104120400000,
    "depreciationAndAmortization": -75579900000,
    "ebitda": 0,
    "ebitdaratio": 0,
    "operatingIncome": 174484000000,
    "operatingIncomeRatio": 0.5807922866,
    "totalOtherIncomeExpensesNet": -67137100000,
    "incomeBeforeTax": 75579900000,
    "incomeBeforeTaxRatio": 0.2515773535,
    "incomeTaxExpense": 15382100000,
    "netIncome": 54981500000,
    "netIncomeRatio": 0.1830129474,
    "eps": 7.97,
    "epsdiluted": 7.84,
    "weightedAverageShsOut": 6898557089,
    "weightedAverageShsOutDil": 7012946429,
    "link": "https://www.nseindia.com/companies-listing/corporate-filings-annual-reports",
    "finalLink": "https://www.nseindia.com/companies-listing/corporate-filings-annual-reports"
  },
  {
    "date": "2020-09-30",
    "symbol": "IBN",
    "reportedCurrency": "INR",
    "cik": "0000000000",
    "fillingDate": "2020-09-30",
    "acceptedDate": "2020-09-29 20:00:00",
    "calendarYear": "2020",
    "period": "Q2",
    "revenue": 283764700000,
    "costOfRevenue": 0,
    "grossProfit": 283764700000,
    "grossProfitRatio": 1,
    "researchAndDevelopmentExpenses": 0,
    "generalAndAdministrativeExpenses": 27319300000,
    "sellingAndMarketingExpenses": 0,
    "sellingGeneralAndAdministrativeExpenses": 27319300000,
    "otherExpenses": -138347400000,
    "operatingExpenses": -111028100000,
    "costAndExpenses": -111028100000,
    "interestIncome": 222264900000,
    "interestExpense": 109449500000,
    "depreciationAndAmortization": -68727100000,
    "ebitda": 0,
    "ebitdaratio": 0,
    "operatingIncome": 172736600000,
    "operatingIncomeRatio": 0.608731812,
    "totalOtherIncomeExpensesNet": -47769300000,
    "incomeBeforeTax": 68727100000,
    "incomeBeforeTaxRatio": 0.2421974967,
    "incomeTaxExpense": 14463800000,
    "netIncome": 48823300000,
    "netIncomeRatio": 0.1720555799,
    "eps": 7.3,
    "epsdiluted": 7.21,
    "weightedAverageShsOut": 6743363854,
    "weightedAverageShsOutDil": 6743363854,
    "link": "https://www.nseindia.com/companies-listing/corporate-filings-annual-reports",
    "finalLink": "https://www.nseindia.com/companies-listing/corporate-filings-annual-reports"
  },
  {
    "date": "2020-06-30",
    "symbol": "IBN",
    "reportedCurrency": "INR",
    "cik": "0000000000",
    "fillingDate": "2020-06-30",
    "acceptedDate": "2020-06-29 20:00:00",
    "calendarYear": "2020",
    "period": "Q1",
    "revenue": 265923000000,
    "costOfRevenue": 0,
    "grossProfit": 265923000000,
    "grossProfitRatio": 1,
    "researchAndDevelopmentExpenses": 0,
    "generalAndAdministrativeExpenses": 28573600000,
    "sellingAndMarketingExpenses": 5971800000,
    "sellingGeneralAndAdministrativeExpenses": 28573600000,
    "otherExpenses": -139845700000,
    "operatingExpenses": -111272100000,
    "costAndExpenses": -111272100000,
    "interestIncome": 224227100000,
    "interestExpense": 113470200000,
    "depreciationAndAmortization": -45873000000,
    "ebitda": 0,
    "ebitdaratio": 0,
    "operatingIncome": 154650900000,
    "operatingIncomeRatio": 0.581562708,
    "totalOtherIncomeExpensesNet": 20258700000,
    "incomeBeforeTax": 45873000000,
    "incomeBeforeTaxRatio": 0.1725048228,
    "incomeTaxExpense": 10003900000,
    "netIncome": 31176800000,
    "netIncomeRatio": 0.1172399529,
    "eps": 4.82,
    "epsdiluted": 4.76,
    "weightedAverageShsOut": 6743363854,
    "weightedAverageShsOutDil": 6743363854,
    "link": "https://www.nseindia.com/companies-listing/corporate-filings-annual-reports",
    "finalLink": "https://www.nseindia.com/companies-listing/corporate-filings-annual-reports"
  },
  {
    "date": "2020-03-31",
    "symbol": "IBN",
    "reportedCurrency": "INR",
    "cik": "0000000000",
    "fillingDate": "2020-03-31",
    "acceptedDate": "2020-03-30 20:00:00",
    "calendarYear": "2019",
    "period": "Q4",
    "revenue": 290963900000,
    "costOfRevenue": 0,
    "grossProfit": 290963900000,
    "grossProfitRatio": 1,
    "researchAndDevelopmentExpenses": 0,
    "generalAndAdministrativeExpenses": 28984100000,
    "sellingAndMarketingExpenses": 47429310000,
    "sellingGeneralAndAdministrativeExpenses": 28984100000,
    "otherExpenses": -193541400000,
    "operatingExpenses": -164557300000,
    "costAndExpenses": -164557300000,
    "interestIncome": 217406800000,
    "interestExpense": 110250900000,
    "depreciationAndAmortization": 53856720000,
    "ebitda": 19774700000,
    "ebitdaratio": 0.0679627266,
    "operatingIncome": 126406600000,
    "operatingIncomeRatio": 0.4344408361,
    "totalOtherIncomeExpensesNet": 53856720000,
    "incomeBeforeTax": 19774700000,
    "incomeBeforeTaxRatio": 0.0679627266,
    "incomeTaxExpense": 3642500000,
    "netIncome": 12513200000,
    "netIncomeRatio": 0.0430060224,
    "eps": 1.93,
    "epsdiluted": 1.9,
    "weightedAverageShsOut": 6743363854,
    "weightedAverageShsOutDil": 6743363854,
    "link": "https://www.nseindia.com/companies-listing/corporate-filings-annual-reports",
    "finalLink": "https://www.nseindia.com/companies-listing/corporate-filings-annual-reports"
  }
]