[
  {
    "date": "2024-03-31",
    "symbol": "IBN",
    "reportedCurrency": "INR",
    "cik": "0000000000",
    "fillingDate": "2024-07-31",
    "acceptedDate": "2024-07-31 16:20:36",
    "calendarYear": "2023",
    "period": "FY",
    "revenue": 1427895369000,
    "costOfRevenue": -932481831000,
    "grossProfit": 2360377200000,
    "grossProfitRatio": 1.6530463305,
    "researchAndDevelopmentExpenses": 0,
    "generalAndAdministrativeExpenses": 304046347000,
    "sellingAndMarketingExpenses": 66279545000,
    "sellingGeneralAndAdministrativeExpenses": 370325892000,
    "otherExpenses": 0,
    "operatingExpenses": 361813299000,
    "costAndExpenses": 361813299000,
    "interestIncome": 1595159252000,
    "interestExpense": 741081627000,
    "depreciationAndAmortization": 19958856000,
    "ebitda": 623695753000,
    "ebitdaratio": 0.4367937361,
    "operatingIncome": 1066082070000,
    "operatingIncomeRatio": 0.7466107764,
    "totalOtherIncomeExpensesNet": -451000767000,
    "incomeBeforeTax": 615081303000,
    "incomeBeforeTaxRatio": 0.4307607661,
    "incomeTaxExpense": 154276200000,
    "netIncome": 442563735000,
    "netIncomeRatio": 0.3099412916,
    "eps": 63.19,
    "epsdiluted": 62.05,
    "weightedAverageShsOut": 7003698370,
    "weightedAverageShsOutDil": 7132188929,
    "link": "https://www.sec.gov/Archives/edgar/data/1103838/000095010324011297/0000950103-24-011297-index.htm",
    "finalLink": "https://www.sec.gov/Archives/edgar/data/1103838/000095010324011297/dp213313_20f.htm"
  },
  {
    "date": "2023-03-31",
    "symbol": "IBN",
    "reportedCurrency": "INR",
    "cik": "0000000000",
    "fillingDate": "2023-03-31",
    "acceptedDate": "2023-03-30 20:00:00",
    "calendarYear": "2022",
    "period": "FY",
    "revenue": 1356354100000,
    "costOfRevenue": 0,
    "grossProfit": 1356354100000,
    "grossProfitRatio": 1,
    "researchAndDevelopmentExpenses": 0,
    "generalAndAdministrativeExpenses": 152341700000,
    "sellingAndMarketingExpenses": 65407090000,
    "sellingGeneralAndAdministrativeExpenses": 152341700000,
    "otherExpenses": -621746792000,
    "operatingExpenses": 814407356000,
    "costAndExpenses": 814407356000,
    "interestIncome": 1210668100000,
    "interestExpense": 505433900000,
    "depreciationAndAmortization": 15145592000,
    "ebitda": 0,
    "ebitdaratio": 0,
    "operatingIncome": 344630270000,
    "operatingIncomeRatio": 0.2540857657,
    "totalOtherIncomeExpensesNet": 9982876000,
    "incomeBeforeTax": 472547500000,
    "incomeBeforeTaxRatio": 0.3483953785,
    "incomeTaxExpense": 117934400000,
    "netIncome": 340366408000,
    "netIncomeRatio": 0.2509421456,
    "eps": 48.86,
    "epsdiluted": 47.91,
    "weightedAverageShsOut": 6966305957,
    "weightedAverageShsOutDil": 7104990357,
    "link": "https://www.nseindia.com/companies-listing/corporate-filings-annual-reports",
    "finalLink": "https://www.nseindia.com/companies-listing/corporate-filings-annual-reports"
  },
  {
    "date": "2022-03-31",
    "symbol": "IBN",
    "reportedCurrency": "INR",
    "cik": "0000000000",
    "fillingDate": "2022-03-31",
    "acceptedDate": "2022-03-30 20:00:00",
    "calendarYear": "2021",
    "period": "FY",
    "revenue": 1163696500000,
    "costOfRevenue": 0,
    "grossProfit": 1163696500000,
    "grossProfitRatio": 1,
    "researchAndDevelopmentExpenses": 0,
    "generalAndAdministrativeExpenses": 123416000000,
    "sellingAndMarketingExpenses": 49011460000,
    "sellingGeneralAndAdministrativeExpenses": 123416000000,
    "otherExpenses": -556417428000,
    "operatingExpenses": 723972996000,
    "costAndExpenses": 723972996000,
    "interestIncome": 954068700000,
    "interestExpense": 411666700000,
    "depreciationAndAmortization": 13300074000,
    "ebitda": 0,
    "ebitdaratio": 0,
    "operatingIncome": 257838326000,
    "operatingIncomeRatio": 0.2215683608,
    "totalOtherIncomeExpensesNet": 7544278999,
    "incomeBeforeTax": 349957000000,
    "incomeBeforeTaxRatio": 0.3007287553,
    "incomeTaxExpense": 84574400000,
    "netIncome": 251100960000,
    "netIncomeRatio": 0.2157787361,
    "eps": 36.21,
    "epsdiluted": 35.49,
    "weightedAverageShsOut": 6933652636,
    "weightedAverageShsOutDil": 7075943848,
    "link": "https://www.nseindia.com/companies-listing/corporate-filings-annual-reports",
    "finalLink": "https://www.nseindia.com/companies-listing/corporate-filings-annual-reports"
  },
  {
    "date": "2021-03-31",
    "symbol": "IBN",
    "reportedCurrency": "INR",
    "cik": "0000000000",
    "fillingDate": "2021-03-31",
    "acceptedDate": "2021-03-30 20:00:00",
    "calendarYear": "2020",
    "period": "FY",
    "revenue": 1186773900000,
    "costOfRevenue": 0,
    "grossProfit": 1186773900000,
    "grossProfitRatio": 1,
    "researchAndDevelopmentExpenses": 0,
    "generalAndAdministrativeExpenses": 110509100000,
    "sellingAndMarketingExpenses": 48920061000,
    "sellingGeneralAndAdministrativeExpenses": 110509100000,
    "otherExpenses": -605934357000,
    "operatingExpenses": 761273838999,
    "costAndExpenses": 761273838999,
    "interestIncome": 891626600000,
    "interestExpense": 426590900000,
    "depreciationAndAmortization": 13400744000,
    "ebitda": 0,
    "ebitdaratio": 0,
    "operatingIncome": 202196796000,
    "operatingIncomeRatio": 0.1703751624,
    "totalOtherIncomeExpensesNet": 1442857000,
    "incomeBeforeTax": 260283300000,
    "incomeBeforeTaxRatio": 0.2193200407,
    "incomeTaxExpense": 56643700000,
    "netIncome": 183843186000,
    "netIncomeRatio": 0.1549100347,
    "eps": 27.26,
    "epsdiluted": 26.87,
    "weightedAverageShsOut": 6743363854,
    "weightedAverageShsOutDil": 6841860856,
    "link": "https://www.nseindia.com/companies-listing/corporate-filings-annual-reports",
    "finalLink": "https://www.nseindia.com/companies-listing/corporate-filings-annual-reports"
  },
  {
    "date": "2020-03-31",
    "symbol": "IBN",
    "reportedCurrency": "INR",
    "cik": "0000000000",
    "fillingDate": "2020-03-31",
    "acceptedDate": "2020-03-30 20:00:00",
    "calendarYear": "2019",
    "period": "FY",
    "revenue": 1051205800000,
    "costOfRevenue": 0,
    "grossProfit": 1051205800000,
    "grossProfitRatio": 1,
    "researchAndDevelopmentExpenses": 0,
    "generalAndAdministrativeExpenses": 111567500000,
    "sellingAndMarketingExpenses": 47429310000,
    "sellingGeneralAndAdministrativeExpenses": 111567500000,
    "otherExpenses": -559453224000,
    "operatingExpenses": 713426756000,
    "costAndExpenses": 713426756000,
    "interestIncome": 848357700000,
    "interestExpense": 446655200000,
    "depreciationAndAmortization": 11712176000,
    "ebitda": 0,
    "ebitdaratio": 0,
    "operatingIncome": 110502448000,
    "operatingIncomeRatio": 0.1051197092,
    "totalOtherIncomeExpensesNet": -45385050000,
    "incomeBeforeTax": 185886100000,
    "incomeBeforeTaxRatio": 0.1768313112,
    "incomeTaxExpense": 73631400000,
    "netIncome": 95663078000,
    "netIncomeRatio": 0.091003187,
    "eps": 14.81,
    "epsdiluted": 14.55,
    "weightedAverageShsOut": 6743363854,
    "weightedAverageShsOutDil": 6743363854,
    "link": "https://www.nseindia.com/companies-listing/corporate-filings-annual-reports",
    "finalLink": "https://www.nseindia.com/companies-listing/corporate-filings-annual-reports"
  },
  {
    "date": "2019-03-31",
    "symbol": "IBN",
    "reportedCurrency": "INR",
    "cik": "0000000000",
    "fillingDate": "2019-03-31",
    "acceptedDate": "2019-03-30 20:00:00",
    "calendarYear": "2018",
    "period": "FY",
    "revenue": 921289600000,
    "costOfRevenue": 0,
    "grossProfit": 921289600000,
    "grossProfitRatio": 1,
    "researchAndDevelopmentExpenses": 0,
    "generalAndAdministrativeExpenses": 94252600000,
    "sellingAndMarketingExpenses": 43111299000,
    "sellingGeneralAndAdministrativeExpenses": 94252600000,
    "otherExpenses": -521092189000,
    "operatingExpenses": -642588799999,
    "costAndExpenses": -642588799999,
    "interestIncome": 719816500000,
    "interestExpense": 391775400000,
    "depreciationAndAmortization": 9458412000,
    "ebitda": 84536336000,
    "ebitdaratio": 0.0917587,
    "operatingIncome": 49279657000,
    "operatingIncomeRatio": 0.0534898657,
    "totalOtherIncomeExpensesNet": -447207900000,
    "incomeBeforeTax": 74082600000,
    "incomeBeforeTaxRatio": 0.0804118488,
    "incomeTaxExpense": 17191000000,
    "netIncome": 42542400000,
    "netIncomeRatio": 0.046177011,
    "eps": 6.31,
    "epsdiluted": 6.31,
    "weightedAverageShsOut": 6743363854,
    "weightedAverageShsOutDil": 6743363854,
    "link": "https://www.nseindia.com/companies-listing/corporate-filings-annual-reports",
    "finalLink": "https://www.nseindia.com/companies-listing/corporate-filings-annual-reports"
  },
  {
    "date": "2018-03-31",
    "symbol": "IBN",
    "reportedCurrency": "INR",
    "cik": "0000000000",
    "fillingDate": "2018-03-31",
    "acceptedDate": "2018-03-30 20:00:00",
    "calendarYear": "2017",
    "period": "FY",
    "revenue": 847070500000,
    "costOfRevenue": 0,
    "grossProfit": 847070500000,
    "grossProfitRatio": 1,
    "researchAndDevelopmentExpenses": 0,
    "generalAndAdministrativeExpenses": 83335300000,
    "sellingAndMarketingExpenses": 30193977000,
    "sellingGeneralAndAdministrativeExpenses": 83335300000,
    "otherExpenses": -491874267000,
    "operatingExpenses": -408538967000,
    "costAndExpenses": -408538967000,
    "interestIncome": 621623500000,
    "interestExpense": 342620500000,
    "depreciationAndAmortization": 9221427000,
    "ebitda": 0,
    "ebitdaratio": 0,
    "operatingIncome": 438531533000,
    "operatingIncomeRatio": 0.5177037012,
    "totalOtherIncomeExpensesNet": -390241581000,
    "incomeBeforeTax": 109784600000,
    "incomeBeforeTaxRatio": 0.1296050329,
    "incomeTaxExpense": 18789200000,
    "netIncome": 77121900000,
    "netIncomeRatio": 0.0910454325,
    "eps": 12.02,
    "epsdiluted": 11.89,
    "weightedAverageShsOut": 6743363854,
    "weightedAverageShsOutDil": 6743363854,
    "link": "https://www.nseindia.com/companies-listing/corporate-filings-annual-reports",
    "finalLink": "https://www.nseindia.com/companies-listing/corporate-filings-annual-reports"
  },
  {
    "date": "2017-03-31",
    "symbol": "IBN",
    "reportedCurrency": "INR",
    "cik": "0000000000",
    "fillingDate": "2017-03-31",
    "acceptedDate": "2017-03-30 20:00:00",
    "calendarYear": "2016",
    "period": "FY",
    "revenue": 785618000000,
    "costOfRevenue": 0,
    "grossProfit": 785618000000,
    "grossProfitRatio": 1,
    "researchAndDevelopmentExpenses": 0,
    "generalAndAdministrativeExpenses": 78932600000,
    "sellingAndMarketingExpenses": 22658937000,
    "sellingGeneralAndAdministrativeExpenses": 78932600000,
    "otherExpenses": -389618227000,
    "operatingExpenses": -310685627000,
    "costAndExpenses": -310685627000,
    "interestIncome": 609399800000,
    "interestExpense": 348358300000,
    "depreciationAndAmortization": 9116393000,
    "ebitda": 0,
    "ebitdaratio": 0,
    "operatingIncome": 474932373000,
    "operatingIncomeRatio": 0.6045334666,
    "totalOtherIncomeExpensesNet": -331138850000,
    "incomeBeforeTax": 138093500000,
    "incomeBeforeTaxRatio": 0.1757769043,
    "incomeTaxExpense": 24690200000,
    "netIncome": 101883800000,
    "netIncomeRatio": 0.1296861834,
    "eps": 15.92,
    "epsdiluted": 15.85,
    "weightedAverageShsOut": 6743363854,
    "weightedAverageShsOutDil": 6743363854,
    "link": "https://www.nseindia.com/companies-listing/corporate-filings-annual-reports",
    "finalLink": "https://www.nseindia.com/companies-listing/corporate-filings-annual-reports"
  },
  {
    "date": "2016-03-31",
    "symbol": "IBN",
    "reportedCurrency": "INR",
    "cik": "0000000000",
    "fillingDate": "2016-03-31",
    "acceptedDate": "2016-03-30 20:00:00",
    "calendarYear": "2015",
    "period": "FY",
    "revenue": 673993800000,
    "costOfRevenue": 0,
    "grossProfit": 673993800000,
    "grossProfitRatio": 1,
    "researchAndDevelopmentExpenses": 0,
    "generalAndAdministrativeExpenses": 69122900000,
    "sellingAndMarketingExpenses": 18721312000,
    "sellingGeneralAndAdministrativeExpenses": 69122900000,
    "otherExpenses": -267577169000,
    "operatingExpenses": -198454269000,
    "costAndExpenses": -198454269000,
    "interestIncome": 592937100000,
    "interestExpense": 339964700000,
    "depreciationAndAmortization": 9567289000,
    "ebitda": 0,
    "ebitdaratio": 0,
    "operatingIncome": 475539531000,
    "operatingIncomeRatio": 0.7055547558,
    "totalOtherIncomeExpensesNet": -243356611000,
    "incomeBeforeTax": 143044100000,
    "incomeBeforeTaxRatio": 0.2122335547,
    "incomeTaxExpense": 33775200000,
    "netIncome": 101799600000,
    "netIncomeRatio": 0.1510393716,
    "eps": 15.93,
    "epsdiluted": 15.83,
    "weightedAverageShsOut": 6743363854,
    "weightedAverageShsOutDil": 6743363854,
    "link": "https://www.nseindia.com/companies-listing/corporate-filings-annual-reports",
    "finalLink": "https://www.nseindia.com/companies-listing/corporate-filings-annual-reports"
  },
  {
    "date": "2015-03-31",
    "symbol": "IBN",
    "reportedCurrency": "INR",
    "cik": "0000000000",
    "fillingDate": "2015-03-31",
    "acceptedDate": "2015-03-30 20:00:00",
    "calendarYear": "2014",
    "period": "FY",
    "revenue": 578980800000,
    "costOfRevenue": 0,
    "grossProfit": 578980800000,
    "grossProfitRatio": 1,
    "researchAndDevelopmentExpenses": 0,
    "generalAndAdministrativeExpenses": 65683200000,
    "sellingAndMarketingExpenses": 15413506000,
    "sellingGeneralAndAdministrativeExpenses": 65683200000,
    "otherExpenses": -145046510000,
    "operatingExpenses": -79363310000,
    "costAndExpenses": -79363310000,
    "interestIncome": 549640000000,
    "interestExpense": 323181500000,
    "depreciationAndAmortization": 9102686000,
    "ebitda": 0,
    "ebitdaratio": 0,
    "operatingIncome": 499617490000,
    "operatingIncomeRatio": 0.8629258345,
    "totalOtherIncomeExpensesNet": -229490782000,
    "incomeBeforeTax": 183390300000,
    "incomeBeforeTaxRatio": 0.3167467729,
    "incomeTaxExpense": 53967300000,
    "netIncome": 122468700000,
    "netIncomeRatio": 0.2115246309,
    "eps": 19.25,
    "epsdiluted": 19.04,
    "weightedAverageShsOut": 6743363854,
    "weightedAverageShsOutDil": 6743363854,
    "link": "https://www.nseindia.com/companies-listing/corporate-filings-annual-reports",
    "finalLink": "https://www.nseindia.com/companies-listing/corporate-filings-annual-reports"
  }
]