[
  {
    "date": "2024-12-31",
    "symbol": "NFLX",
    "reportedCurrency": "USD",
    "cik": "0001065280",
    "fillingDate": "2025-01-27",
    "acceptedDate": "2025-01-27 16:01:56",
    "calendarYear": "2024",
    "period": "Q4",
    "revenue": 10246513000,
    "costOfRevenue": 5767364000,
    "grossProfit": 4479149000,
    "grossProfitRatio": 0.4371388588,
    "researchAndDevelopmentExpenses": 776505000,
    "generalAndAdministrativeExpenses": 453674000,
    "sellingAndMarketingExpenses": 976204000,
    "sellingGeneralAndAdministrativeExpenses": 1429878000,
    "otherExpenses": 0,
    "operatingExpenses": 2206383000,
    "costAndExpenses": 7973747000,
    "interestIncome": 0,
    "interestExpense": 192603000,
    "depreciationAndAmortization": 4241040000,
    "ebitda": 6182705000,
    "ebitdaratio": 0.6033960041,
    "operatingIncome": 2272766000,
    "operatingIncomeRatio": 0.2218087265,
    "totalOtherIncomeExpensesNet": -138498000,
    "incomeBeforeTax": 2134268000,
    "incomeBeforeTaxRatio": 0.2082921283,
    "incomeTaxExpense": 265661000,
    "netIncome": 1868607000,
    "netIncomeRatio": 0.1823651617,
    "eps": 4.37,
    "epsdiluted": 4.27,
    "weightedAverageShsOut": 427716000,
    "weightedAverageShsOutDil": 437786000,
    "link": "https://www.sec.gov/Archives/edgar/data/1065280/000106528025000044/0001065280-25-000044-index.htm",
    "finalLink": "https://www.sec.gov/Archives/edgar/data/1065280/000106528025000044/nflx-20241231.htm"
  },
  {
    "date": "2024-09-30",
    "symbol": "NFLX",
    "reportedCurrency": "USD",
    "cik": "0001065280",
    "fillingDate": "2024-10-18",
    "acceptedDate": "2024-10-18 16:01:49",
    "calendarYear": "2024",
    "period": "Q3",
    "revenue": 9824703000,
    "costOfRevenue": 5119884000,
    "grossProfit": 4704819000,
    "grossProfitRatio": 0.4788764607,
    "researchAndDevelopmentExpenses": 735063000,
    "generalAndAdministrativeExpenses": 417353000,
    "sellingAndMarketingExpenses": 642926000,
    "sellingGeneralAndAdministrativeExpenses": 1060279000,
    "otherExpenses": 0,
    "operatingExpenses": 1795342000,
    "costAndExpenses": 6915226000,
    "interestIncome": 0,
    "interestExpense": 206523000,
    "depreciationAndAmortization": 3780435000,
    "ebitda": 6668219000,
    "ebitdaratio": 0.6787196519,
    "operatingIncome": 2909477000,
    "operatingIncomeRatio": 0.2961389265,
    "totalOtherIncomeExpensesNet": -206523000,
    "incomeBeforeTax": 2702954000,
    "incomeBeforeTaxRatio": 0.2751181384,
    "incomeTaxExpense": 339445000,
    "netIncome": 2363509000,
    "netIncomeRatio": 0.2405679846,
    "eps": 5.52,
    "epsdiluted": 5.4,
    "weightedAverageShsOut": 428239000,
    "weightedAverageShsOutDil": 437898000,
    "link": "https://www.sec.gov/Archives/edgar/data/1065280/000106528024000287/0001065280-24-000287-index.htm",
    "finalLink": "https://www.sec.gov/Archives/edgar/data/1065280/000106528024000287/nflx-20240930.htm"
  },
  {
    "date": "2024-06-30",
    "symbol": "NFLX",
    "reportedCurrency": "USD",
    "cik": "0001065280",
    "fillingDate": "2024-07-19",
    "acceptedDate": "2024-07-19 16:04:45",
    "calendarYear": "2024",
    "period": "Q2",
    "revenue": 9526009000,
    "costOfRevenue": 5174216000,
    "grossProfit": 4351793000,
    "grossProfitRatio": 0.4568327618,
    "researchAndDevelopmentExpenses": 711254000,
    "generalAndAdministrativeExpenses": 426992000,
    "sellingAndMarketingExpenses": 644084000,
    "sellingGeneralAndAdministrativeExpenses": 1071076000,
    "otherExpenses": 0,
    "operatingExpenses": 1782330000,
    "costAndExpenses": 6956546000,
    "interestIncome": 79005000,
    "interestExpense": 167986000,
    "depreciationAndAmortization": 3850917000,
    "ebitda": 6532759000,
    "ebitdaratio": 0.6857813172,
    "operatingIncome": 2569463000,
    "operatingIncomeRatio": 0.2697313219,
    "totalOtherIncomeExpensesNet": -88981000,
    "incomeBeforeTax": 2513856000,
    "incomeBeforeTaxRatio": 0.263893935,
    "incomeTaxExpense": 366550000,
    "netIncome": 2147306000,
    "netIncomeRatio": 0.2254150715,
    "eps": 4.99,
    "epsdiluted": 4.88,
    "weightedAverageShsOut": 430065000,
    "weightedAverageShsOutDil": 439739000,
    "link": "https://www.sec.gov/Archives/edgar/data/1065280/000106528024000200/0001065280-24-000200-index.htm",
    "finalLink": "https://www.sec.gov/Archives/edgar/data/1065280/000106528024000200/nflx-20240630.htm"
  },
  {
    "date": "2024-03-31",
    "symbol": "NFLX",
    "reportedCurrency": "USD",
    "cik": "0001065280",
    "fillingDate": "2024-04-22",
    "acceptedDate": "2024-04-22 16:01:53",
    "calendarYear": "2024",
    "period": "Q1",
    "revenue": 9381681000,
    "costOfRevenue": 4977267000,
    "grossProfit": 4404414000,
    "grossProfitRatio": 0.4694695972,
    "researchAndDevelopmentExpenses": 702473000,
    "generalAndAdministrativeExpenses": 404020000,
    "sellingAndMarketingExpenses": 654340000,
    "sellingGeneralAndAdministrativeExpenses": 1058359999,
    "otherExpenses": 0,
    "operatingExpenses": 1760833000,
    "costAndExpenses": 6738100000,
    "interestIncome": 155359000,
    "interestExpense": 173314000,
    "depreciationAndAmortization": 3758039000,
    "ebitda": 6545932000,
    "ebitdaratio": 0.6977355124,
    "operatingIncome": 2643581000,
    "operatingIncomeRatio": 0.2817811648,
    "totalOtherIncomeExpensesNet": -17955000,
    "incomeBeforeTax": 2614579000,
    "incomeBeforeTaxRatio": 0.2786898212,
    "incomeTaxExpense": 282370000,
    "netIncome": 2332209000,
    "netIncomeRatio": 0.2485918035,
    "eps": 5.4,
    "epsdiluted": 5.28,
    "weightedAverageShsOut": 432090000,
    "weightedAverageShsOutDil": 441654000,
    "link": "https://www.sec.gov/Archives/edgar/data/1065280/000106528024000128/0001065280-24-000128-index.htm",
    "finalLink": "https://www.sec.gov/Archives/edgar/data/1065280/000106528024000128/nflx-20240331.htm"
  },
  {
    "date": "2023-12-31",
    "symbol": "NFLX",
    "reportedCurrency": "USD",
    "cik": "0001065280",
    "fillingDate": "2024-01-26",
    "acceptedDate": "2024-01-26 16:01:56",
    "calendarYear": "2023",
    "period": "Q4",
    "revenue": 8832825000,
    "costOfRevenue": 5307485000,
    "grossProfit": 3525340000,
    "grossProfitRatio": 0.3991180625,
    "researchAndDevelopmentExpenses": 673341000,
    "generalAndAdministrativeExpenses": 439273000,
    "sellingAndMarketingExpenses": 916617000,
    "sellingGeneralAndAdministrativeExpenses": 1355890000,
    "otherExpenses": 0,
    "operatingExpenses": 2029231000,
    "costAndExpenses": 7336716000,
    "interestIncome": 0,
    "interestExpense": 95959000,
    "depreciationAndAmortization": 3840646000,
    "ebitda": 5164008000,
    "ebitdaratio": 0.5846383235,
    "operatingIncome": 1496109000,
    "operatingIncomeRatio": 0.1693805776,
    "totalOtherIncomeExpensesNet": -347959000,
    "incomeBeforeTax": 1148150000,
    "incomeBeforeTaxRatio": 0.1299867257,
    "incomeTaxExpense": 210312000,
    "netIncome": 937838000,
    "netIncomeRatio": 0.1061764498,
    "eps": 2.15,
    "epsdiluted": 2.11,
    "weightedAverageShsOut": 435923000,
    "weightedAverageShsOutDil": 444292000,
    "link": "https://www.sec.gov/Archives/edgar/data/1065280/000106528024000030/0001065280-24-000030-index.htm",
    "finalLink": "https://www.sec.gov/Archives/edgar/data/1065280/000106528024000030/nflx-20231231.htm"
  },
  {
    "date": "2023-09-30",
    "symbol": "NFLX",
    "reportedCurrency": "USD",
    "cik": "0001065280",
    "fillingDate": "2023-10-20",
    "acceptedDate": "2023-10-20 16:01:48",
    "calendarYear": "2023",
    "period": "Q3",
    "revenue": 8541668000,
    "costOfRevenue": 4930788000,
    "grossProfit": 3610880000,
    "grossProfitRatio": 0.4227371047,
    "researchAndDevelopmentExpenses": 657159000,
    "generalAndAdministrativeExpenses": 478591000,
    "sellingAndMarketingExpenses": 558736000,
    "sellingGeneralAndAdministrativeExpenses": 1037327000,
    "otherExpenses": 0,
    "operatingExpenses": 1694486000,
    "costAndExpenses": 6625274000,
    "interestIncome": 168218000,
    "interestExpense": 175563000,
    "depreciationAndAmortization": 3664013000,
    "ebitda": 5748625000,
    "ebitdaratio": 0.673009651,
    "operatingIncome": 1916394000,
    "operatingIncomeRatio": 0.2243582869,
    "totalOtherIncomeExpensesNet": -7345000,
    "incomeBeforeTax": 1909049000,
    "incomeBeforeTaxRatio": 0.2234983846,
    "incomeTaxExpense": 231627000,
    "netIncome": 1677422000,
    "netIncomeRatio": 0.1963810815,
    "eps": 3.8,
    "epsdiluted": 3.73,
    "weightedAverageShsOut": 441537000,
    "weightedAverageShsOutDil": 450011000,
    "link": "https://www.sec.gov/Archives/edgar/data/1065280/000106528023000273/0001065280-23-000273-index.htm",
    "finalLink": "https://www.sec.gov/Archives/edgar/data/1065280/000106528023000273/nflx-20230930.htm"
  },
  {
    "date": "2023-06-30",
    "symbol": "NFLX",
    "reportedCurrency": "USD",
    "cik": "0001065280",
    "fillingDate": "2023-07-21",
    "acceptedDate": "2023-07-21 16:02:00",
    "calendarYear": "2023",
    "period": "Q2",
    "revenue": 8187301000,
    "costOfRevenue": 4673470000,
    "grossProfit": 3513831000,
    "grossProfitRatio": 0.4291806299,
    "researchAndDevelopmentExpenses": 657983000,
    "generalAndAdministrativeExpenses": 401497000,
    "sellingAndMarketingExpenses": 627168000,
    "sellingGeneralAndAdministrativeExpenses": 1028665000,
    "otherExpenses": 0,
    "operatingExpenses": 1686648000,
    "costAndExpenses": 6360118000,
    "interestIncome": 26961000,
    "interestExpense": 174812000,
    "depreciationAndAmortization": 3499406000,
    "ebitda": 5353550000,
    "ebitdaratio": 0.6538845952,
    "operatingIncome": 1827183000,
    "operatingIncomeRatio": 0.2231728136,
    "totalOtherIncomeExpensesNet": -147851000,
    "incomeBeforeTax": 1679332000,
    "incomeBeforeTaxRatio": 0.2051142373,
    "incomeTaxExpense": 191722000,
    "netIncome": 1487610000,
    "netIncomeRatio": 0.1816972406,
    "eps": 3.35,
    "epsdiluted": 3.29,
    "weightedAverageShsOut": 443881000,
    "weightedAverageShsOutDil": 451572000,
    "link": "https://www.sec.gov/Archives/edgar/data/1065280/000106528023000198/0001065280-23-000198-index.htm",
    "finalLink": "https://www.sec.gov/Archives/edgar/data/1065280/000106528023000198/nflx-20230630.htm"
  },
  {
    "date": "2023-03-31",
    "symbol": "NFLX",
    "reportedCurrency": "USD",
    "cik": "0001065280",
    "fillingDate": "2023-04-21",
    "acceptedDate": "2023-04-21 16:02:01",
    "calendarYear": "2023",
    "period": "Q1",
    "revenue": 8161503000,
    "costOfRevenue": 4803625000,
    "grossProfit": 3357878000,
    "grossProfitRatio": 0.4114288753,
    "researchAndDevelopmentExpenses": 687275000,
    "generalAndAdministrativeExpenses": 400924000,
    "sellingAndMarketingExpenses": 555362000,
    "sellingGeneralAndAdministrativeExpenses": 956286000,
    "otherExpenses": 0,
    "operatingExpenses": 1643561000,
    "costAndExpenses": 6447186000,
    "interestIncome": 138443000,
    "interestExpense": 245443000,
    "depreciationAndAmortization": 3550319000,
    "ebitda": 5264636000,
    "ebitdaratio": 0.6450571666,
    "operatingIncome": 1714317000,
    "operatingIncomeRatio": 0.2100491784,
    "totalOtherIncomeExpensesNet": -245443000,
    "incomeBeforeTax": 1468874000,
    "incomeBeforeTaxRatio": 0.1799759187,
    "incomeTaxExpense": 163754000,
    "netIncome": 1305120000,
    "netIncomeRatio": 0.1599117221,
    "eps": 2.93,
    "epsdiluted": 2.88,
    "weightedAverageShsOut": 445244000,
    "weightedAverageShsOutDil": 452417000,
    "link": "https://www.sec.gov/Archives/edgar/data/1065280/000106528023000120/0001065280-23-000120-index.htm",
    "finalLink": "https://www.sec.gov/Archives/edgar/data/1065280/000106528023000120/nflx-20230331.htm"
  },
  {
    "date": "2022-12-31",
    "symbol": "NFLX",
    "reportedCurrency": "USD",
    "cik": "0001065280",
    "fillingDate": "2023-01-26",
    "acceptedDate": "2023-01-26 16:03:50",
    "calendarYear": "2022",
    "period": "Q4",
    "revenue": 7852053000,
    "costOfRevenue": 5404160000,
    "grossProfit": 2447893000,
    "grossProfitRatio": 0.3117519711,
    "researchAndDevelopmentExpenses": 673926000,
    "generalAndAdministrativeExpenses": 392453000,
    "sellingAndMarketingExpenses": 831610000,
    "sellingGeneralAndAdministrativeExpenses": 1224063000,
    "otherExpenses": 0,
    "operatingExpenses": 1897989000,
    "costAndExpenses": 7302149000,
    "interestIncome": 0,
    "interestExpense": 510568000,
    "depreciationAndAmortization": 4038214000,
    "ebitda": 4588118000,
    "ebitdaratio": 0.5843208139,
    "operatingIncome": 549904000,
    "operatingIncomeRatio": 0.0700331493,
    "totalOtherIncomeExpensesNet": -510568000,
    "incomeBeforeTax": 39336000,
    "incomeBeforeTaxRatio": 0.0050096452,
    "incomeTaxExpense": -15948000,
    "netIncome": 55284000,
    "netIncomeRatio": 0.0070407064,
    "eps": 0.12,
    "epsdiluted": 0.12,
    "weightedAverageShsOut": 445200000,
    "weightedAverageShsOutDil": 451649000,
    "link": "https://www.sec.gov/Archives/edgar/data/1065280/000106528023000035/0001065280-23-000035-index.htm",
    "finalLink": "https://www.sec.gov/Archives/edgar/data/1065280/000106528023000035/nflx-20221231.htm"
  },
  {
    "date": "2022-09-30",
    "symbol": "NFLX",
    "reportedCurrency": "USD",
    "cik": "0001065280",
    "fillingDate": "2022-10-20",
    "acceptedDate": "2022-10-20 16:04:17",
    "calendarYear": "2022",
    "period": "Q3",
    "revenue": 7925589000,
    "costOfRevenue": 4788665000,
    "grossProfit": 3136924000,
    "grossProfitRatio": 0.3957969559,
    "researchAndDevelopmentExpenses": 662739000,
    "generalAndAdministrativeExpenses": 373213000,
    "sellingAndMarketingExpenses": 567954000,
    "sellingGeneralAndAdministrativeExpenses": 941167000,
    "otherExpenses": 0,
    "operatingExpenses": 1603906000,
    "costAndExpenses": 6392571000,
    "interestIncome": 261404000,
    "interestExpense": 172575000,
    "depreciationAndAmortization": 3738780000,
    "ebitda": 5533202000,
    "ebitdaratio": 0.6981439487,
    "operatingIncome": 1533018000,
    "operatingIncomeRatio": 0.1934263813,
    "totalOtherIncomeExpensesNet": 88829000,
    "incomeBeforeTax": 1621847000,
    "incomeBeforeTaxRatio": 0.2046342549,
    "incomeTaxExpense": 223605000,
    "netIncome": 1398242000,
    "netIncomeRatio": 0.1764212098,
    "eps": 3.14,
    "epsdiluted": 3.1,
    "weightedAverageShsOut": 444878000,
    "weightedAverageShsOutDil": 450344000,
    "link": "https://www.sec.gov/Archives/edgar/data/1065280/000106528022000368/0001065280-22-000368-index.htm",
    "finalLink": "https://www.sec.gov/Archives/edgar/data/1065280/000106528022000368/nflx-20220930.htm"
  },
  {
    "date": "2022-06-30",
    "symbol": "NFLX",
    "reportedCurrency": "USD",
    "cik": "0001065280",
    "fillingDate": "2022-07-21",
    "acceptedDate": "2022-07-21 16:02:17",
    "calendarYear": "2022",
    "period": "Q2",
    "revenue": 7970141000,
    "costOfRevenue": 4690755000,
    "grossProfit": 3279386000,
    "grossProfitRatio": 0.4114589692,
    "researchAndDevelopmentExpenses": 716846000,
    "generalAndAdministrativeExpenses": 409297000,
    "sellingAndMarketingExpenses": 574960000,
    "sellingGeneralAndAdministrativeExpenses": 984257000,
    "otherExpenses": 0,
    "operatingExpenses": 1701103000,
    "costAndExpenses": 6391858000,
    "interestIncome": 220226000,
    "interestExpense": 175455000,
    "depreciationAndAmortization": 3344853000,
    "ebitda": 5143362000,
    "ebitdaratio": 0.6453288593,
    "operatingIncome": 1578283000,
    "operatingIncomeRatio": 0.1980244766,
    "totalOtherIncomeExpensesNet": 44771000,
    "incomeBeforeTax": 1623054000,
    "incomeBeforeTaxRatio": 0.2036418176,
    "incomeTaxExpense": 182103000,
    "netIncome": 1440951000,
    "netIncomeRatio": 0.1807936648,
    "eps": 3.24,
    "epsdiluted": 3.2,
    "weightedAverageShsOut": 444557000,
    "weightedAverageShsOutDil": 450169000,
    "link": "https://www.sec.gov/Archives/edgar/data/1065280/000106528022000257/0001065280-22-000257-index.htm",
    "finalLink": "https://www.sec.gov/Archives/edgar/data/1065280/000106528022000257/nflx-20220630.htm"
  },
  {
    "date": "2022-03-31",
    "symbol": "NFLX",
    "reportedCurrency": "USD",
    "cik": "0001065280",
    "fillingDate": "2022-04-21",
    "acceptedDate": "2022-04-21 16:03:01",
    "calendarYear": "2022",
    "period": "Q1",
    "revenue": 7867767000,
    "costOfRevenue": 4284705000,
    "grossProfit": 3583062000,
    "grossProfitRatio": 0.4554102835,
    "researchAndDevelopmentExpenses": 657530000,
    "generalAndAdministrativeExpenses": 397928000,
    "sellingAndMarketingExpenses": 555978000,
    "sellingGeneralAndAdministrativeExpenses": 953906000,
    "otherExpenses": 0,
    "operatingExpenses": 1611436000,
    "costAndExpenses": 5896141000,
    "interestIncome": 195645000,
    "interestExpense": 187579000,
    "depreciationAndAmortization": 3240967000,
    "ebitda": 5408238000,
    "ebitdaratio": 0.6873917339,
    "operatingIncome": 1971626000,
    "operatingIncomeRatio": 0.2505953722,
    "totalOtherIncomeExpensesNet": 8066000,
    "incomeBeforeTax": 1979692000,
    "incomeBeforeTaxRatio": 0.2516205678,
    "incomeTaxExpense": 382245000,
    "netIncome": 1597447000,
    "netIncomeRatio": 0.2030368973,
    "eps": 3.6,
    "epsdiluted": 3.53,
    "weightedAverageShsOut": 444146000,
    "weightedAverageShsOutDil": 452984000,
    "link": "https://www.sec.gov/Archives/edgar/data/1065280/000106528022000145/0001065280-22-000145-index.htm",
    "finalLink": "https://www.sec.gov/Archives/edgar/data/1065280/000106528022000145/nflx-20220331.htm"
  },
  {
    "date": "2021-12-31",
    "symbol": "NFLX",
    "reportedCurrency": "USD",
    "cik": "0001065280",
    "fillingDate": "2022-01-27",
    "acceptedDate": "2022-01-27 17:03:33",
    "calendarYear": "2021",
    "period": "Q4",
    "revenue": 7709318000,
    "costOfRevenue": 5239575000,
    "grossProfit": 2469743000,
    "grossProfitRatio": 0.3203581692,
    "researchAndDevelopmentExpenses": 647470000,
    "generalAndAdministrativeExpenses": 397790000,
    "sellingAndMarketingExpenses": 792713000,
    "sellingGeneralAndAdministrativeExpenses": 1190503000,
    "otherExpenses": 525207000,
    "operatingExpenses": 1837973000,
    "costAndExpenses": 7077548000,
    "interestIncome": 108512000,
    "interestExpense": 189429000,
    "depreciationAndAmortization": 3805301000,
    "ebitda": 4545583000,
    "ebitdaratio": 0.5896219354,
    "operatingIncome": 631770000,
    "operatingIncomeRatio": 0.0819488832,
    "totalOtherIncomeExpensesNet": -80917000,
    "incomeBeforeTax": 550853000,
    "incomeBeforeTaxRatio": 0.0714528834,
    "incomeTaxExpense": -56576000,
    "netIncome": 607429000,
    "netIncomeRatio": 0.0787915351,
    "eps": 1.37,
    "epsdiluted": 1.33,
    "weightedAverageShsOut": 443462000,
    "weightedAverageShsOutDil": 455795000,
    "link": "https://www.sec.gov/Archives/edgar/data/1065280/000106528022000036/0001065280-22-000036-index.htm",
    "finalLink": "https://www.sec.gov/Archives/edgar/data/1065280/000106528022000036/nflx-20211231.htm"
  },
  {
    "date": "2021-09-30",
    "symbol": "NFLX",
    "reportedCurrency": "USD",
    "cik": "0001065280",
    "fillingDate": "2021-10-21",
    "acceptedDate": "2021-10-21 16:02:00",
    "calendarYear": "2021",
    "period": "Q3",
    "revenue": 7483467000,
    "costOfRevenue": 4206589000,
    "grossProfit": 3276878000,
    "grossProfitRatio": 0.4378823345,
    "researchAndDevelopmentExpenses": 563887000,
    "generalAndAdministrativeExpenses": 321790000,
    "sellingAndMarketingExpenses": 635948000,
    "sellingGeneralAndAdministrativeExpenses": 957738000,
    "otherExpenses": 0,
    "operatingExpenses": 1521625000,
    "costAndExpenses": 5728214000,
    "interestIncome": 96135000,
    "interestExpense": 190429000,
    "depreciationAndAmortization": 3033304000,
    "ebitda": 4884692000,
    "ebitdaratio": 0.6527311472,
    "operatingIncome": 1755253000,
    "operatingIncomeRatio": 0.2345507771,
    "totalOtherIncomeExpensesNet": -94294000,
    "incomeBeforeTax": 1660959000,
    "incomeBeforeTaxRatio": 0.2219504676,
    "incomeTaxExpense": 211888000,
    "netIncome": 1449071000,
    "netIncomeRatio": 0.1936363186,
    "eps": 3.27,
    "epsdiluted": 3.19,
    "weightedAverageShsOut": 442778000,
    "weightedAverageShsOutDil": 454925000,
    "link": "https://www.sec.gov/Archives/edgar/data/1065280/000106528021000363/0001065280-21-000363-index.htm",
    "finalLink": "https://www.sec.gov/Archives/edgar/data/1065280/000106528021000363/nflx-20210930.htm"
  },
  {
    "date": "2021-06-30",
    "symbol": "NFLX",
    "reportedCurrency": "USD",
    "cik": "0001065280",
    "fillingDate": "2021-07-22",
    "acceptedDate": "2021-07-22 16:02:47",
    "calendarYear": "2021",
    "period": "Q2",
    "revenue": 7341777000,
    "costOfRevenue": 4018008000,
    "grossProfit": 3323769000,
    "grossProfitRatio": 0.4527199614,
    "researchAndDevelopmentExpenses": 537321000,
    "generalAndAdministrativeExpenses": 334845000,
    "sellingAndMarketingExpenses": 603973000,
    "sellingGeneralAndAdministrativeExpenses": 938818000,
    "otherExpenses": 0,
    "operatingExpenses": 1476139000,
    "costAndExpenses": 5494147000,
    "interestIncome": 0,
    "interestExpense": 253841000,
    "depreciationAndAmortization": 2845237000,
    "ebitda": 4692867000,
    "ebitdaratio": 0.6392004279,
    "operatingIncome": 1847630000,
    "operatingIncomeRatio": 0.2516597821,
    "totalOtherIncomeExpensesNet": -253841000,
    "incomeBeforeTax": 1593789000,
    "incomeBeforeTaxRatio": 0.2170849101,
    "incomeTaxExpense": 240776000,
    "netIncome": 1353013000,
    "netIncomeRatio": 0.18428958,
    "eps": 3.05,
    "epsdiluted": 2.97,
    "weightedAverageShsOut": 443159000,
    "weightedAverageShsOutDil": 455129000,
    "link": "https://www.sec.gov/Archives/edgar/data/1065280/000106528021000250/0001065280-21-000250-index.htm",
    "finalLink": "https://www.sec.gov/Archives/edgar/data/1065280/000106528021000250/nflx-20210630.htm"
  },
  {
    "date": "2021-03-31",
    "symbol": "NFLX",
    "reportedCurrency": "USD",
    "cik": "0001065280",
    "fillingDate": "2021-04-22",
    "acceptedDate": "2021-04-22 16:02:41",
    "calendarYear": "2021",
    "period": "Q1",
    "revenue": 7163282000,
    "costOfRevenue": 3868511000,
    "grossProfit": 3294771000,
    "grossProfitRatio": 0.4599527144,
    "researchAndDevelopmentExpenses": 525207000,
    "generalAndAdministrativeExpenses": 297196000,
    "sellingAndMarketingExpenses": 512512000,
    "sellingGeneralAndAdministrativeExpenses": 809708000,
    "otherExpenses": -525207000,
    "operatingExpenses": 1334915000,
    "costAndExpenses": 5203426000,
    "interestIncome": 269086000,
    "interestExpense": 194440000,
    "depreciationAndAmortization": 2754937000,
    "ebitda": 4983879000,
    "ebitdaratio": 0.6957535666,
    "operatingIncome": 1959856000,
    "operatingIncomeRatio": 0.2735974934,
    "totalOtherIncomeExpensesNet": 74646000,
    "incomeBeforeTax": 2034502000,
    "incomeBeforeTaxRatio": 0.2840181358,
    "incomeTaxExpense": 327787000,
    "netIncome": 1706715000,
    "netIncomeRatio": 0.2382588037,
    "eps": 3.85,
    "epsdiluted": 3.75,
    "weightedAverageShsOut": 443224000,
    "weightedAverageShsOutDil": 455641000,
    "link": "https://www.sec.gov/Archives/edgar/data/1065280/000106528021000144/0001065280-21-000144-index.htm",
    "finalLink": "https://www.sec.gov/Archives/edgar/data/1065280/000106528021000144/nflx-20210331.htm"
  },
  {
    "date": "2020-12-31",
    "symbol": "NFLX",
    "reportedCurrency": "USD",
    "cik": "0001065280",
    "fillingDate": "2021-01-28",
    "acceptedDate": "2021-01-28 16:21:59",
    "calendarYear": "2020",
    "period": "Q4",
    "revenue": 6644442000,
    "costOfRevenue": 4165160000,
    "grossProfit": 2479282000,
    "grossProfitRatio": 0.3731362242,
    "researchAndDevelopmentExpenses": 486936000,
    "generalAndAdministrativeExpenses": 275539000,
    "sellingAndMarketingExpenses": 762565000,
    "sellingGeneralAndAdministrativeExpenses": 1038104000,
    "otherExpenses": -486936000,
    "operatingExpenses": 1525040000,
    "costAndExpenses": 5690200000,
    "interestIncome": 111478000,
    "interestExpense": 447825000,
    "depreciationAndAmortization": 3014568000,
    "ebitda": 3968810000,
    "ebitdaratio": 0.5973127616,
    "operatingIncome": 954242000,
    "operatingIncomeRatio": 0.1436150696,
    "totalOtherIncomeExpensesNet": -447825000,
    "incomeBeforeTax": 506417000,
    "incomeBeforeTaxRatio": 0.0762166334,
    "incomeTaxExpense": -35739000,
    "netIncome": 542156000,
    "netIncomeRatio": 0.0815954146,
    "eps": 1.23,
    "epsdiluted": 1.19,
    "weightedAverageShsOut": 442220000,
    "weightedAverageShsOutDil": 455283000,
    "link": "https://www.sec.gov/Archives/edgar/data/1065280/000106528021000040/0001065280-21-000040-index.htm",
    "finalLink": "https://www.sec.gov/Archives/edgar/data/1065280/000106528021000040/nflx-20201231.htm"
  },
  {
    "date": "2020-09-30",
    "symbol": "NFLX",
    "reportedCurrency": "USD",
    "cik": "0001065280",
    "fillingDate": "2020-10-22",
    "acceptedDate": "2020-10-22 16:02:00",
    "calendarYear": "2020",
    "period": "Q3",
    "revenue": 6435637000,
    "costOfRevenue": 3867751000,
    "grossProfit": 2567886000,
    "grossProfitRatio": 0.3990103855,
    "researchAndDevelopmentExpenses": 453802000,
    "generalAndAdministrativeExpenses": 271624000,
    "sellingAndMarketingExpenses": 527597000,
    "sellingGeneralAndAdministrativeExpenses": 799221000,
    "otherExpenses": -453802000,
    "operatingExpenses": 1253023000,
    "costAndExpenses": 5120774000,
    "interestIncome": 0,
    "interestExpense": 453403000,
    "depreciationAndAmortization": 2762332000,
    "ebitda": 4077195000,
    "ebitdaratio": 0.6335340231,
    "operatingIncome": 1314863000,
    "operatingIncomeRatio": 0.2043096899,
    "totalOtherIncomeExpensesNet": -453403000,
    "incomeBeforeTax": 861460000,
    "incomeBeforeTaxRatio": 0.1338577673,
    "incomeTaxExpense": 71484000,
    "netIncome": 789976000,
    "netIncomeRatio": 0.1227502421,
    "eps": 1.79,
    "epsdiluted": 1.74,
    "weightedAverageShsOut": 441526000,
    "weightedAverageShsOutDil": 455088000,
    "link": "https://www.sec.gov/Archives/edgar/data/1065280/000106528020000451/0001065280-20-000451-index.htm",
    "finalLink": "https://www.sec.gov/Archives/edgar/data/1065280/000106528020000451/form10qq320.htm"
  },
  {
    "date": "2020-06-30",
    "symbol": "NFLX",
    "reportedCurrency": "USD",
    "cik": "0001065280",
    "fillingDate": "2020-07-20",
    "acceptedDate": "2020-07-20 16:03:12",
    "calendarYear": "2020",
    "period": "Q2",
    "revenue": 6148286000,
    "costOfRevenue": 3643707000,
    "grossProfit": 2504579000,
    "grossProfitRatio": 0.4073621494,
    "researchAndDevelopmentExpenses": 435045000,
    "generalAndAdministrativeExpenses": 277236000,
    "sellingAndMarketingExpenses": 434370000,
    "sellingGeneralAndAdministrativeExpenses": 711606000,
    "otherExpenses": -435045000,
    "operatingExpenses": 1146651000,
    "costAndExpenses": 4790358000,
    "interestIncome": 0,
    "interestExpense": 322326000,
    "depreciationAndAmortization": 2633820000,
    "ebitda": 3991748000,
    "ebitdaratio": 0.6492456597,
    "operatingIncome": 1357928000,
    "operatingIncomeRatio": 0.2208628551,
    "totalOtherIncomeExpensesNet": -322326000,
    "incomeBeforeTax": 1035602000,
    "incomeBeforeTaxRatio": 0.1684375125,
    "incomeTaxExpense": 315406000,
    "netIncome": 720196000,
    "netIncomeRatio": 0.1171376868,
    "eps": 1.63,
    "epsdiluted": 1.59,
    "weightedAverageShsOut": 440569000,
    "weightedAverageShsOutDil": 453945000,
    "link": "https://www.sec.gov/Archives/edgar/data/1065280/000106528020000309/0001065280-20-000309-index.htm",
    "finalLink": "https://www.sec.gov/Archives/edgar/data/1065280/000106528020000309/form10qq220.htm"
  },
  {
    "date": "2020-03-31",
    "symbol": "NFLX",
    "reportedCurrency": "USD",
    "cik": "0001065280",
    "fillingDate": "2020-04-21",
    "acceptedDate": "2020-04-21 17:17:26",
    "calendarYear": "2020",
    "period": "Q1",
    "revenue": 5767691000,
    "costOfRevenue": 3599701000,
    "grossProfit": 2167990000,
    "grossProfitRatio": 0.3758852546,
    "researchAndDevelopmentExpenses": 453817000,
    "generalAndAdministrativeExpenses": 252087000,
    "sellingAndMarketingExpenses": 503830000,
    "sellingGeneralAndAdministrativeExpenses": 755917000,
    "otherExpenses": 0,
    "operatingExpenses": 1209734000,
    "costAndExpenses": 4809435000,
    "interestIncome": 21697000,
    "interestExpense": 184083000,
    "depreciationAndAmortization": 2511902000,
    "ebitda": 3491855000,
    "ebitdaratio": 0.6054164483,
    "operatingIncome": 958256000,
    "operatingIncomeRatio": 0.1661420489,
    "totalOtherIncomeExpensesNet": -162386000,
    "incomeBeforeTax": 795870000,
    "incomeBeforeTaxRatio": 0.137987628,
    "incomeTaxExpense": 86803000,
    "netIncome": 709067000,
    "netIncomeRatio": 0.1229377579,
    "eps": 1.61,
    "epsdiluted": 1.57,
    "weightedAverageShsOut": 439352000,
    "weightedAverageShsOutDil": 452494000,
    "link": "https://www.sec.gov/Archives/edgar/data/1065280/000106528020000155/0001065280-20-000155-index.htm",
    "finalLink": "https://www.sec.gov/Archives/edgar/data/1065280/000106528020000155/form10qq120.htm"
  }
]