[
  {
    "date": "2024-12-31",
    "symbol": "NFLX",
    "reportedCurrency": "USD",
    "cik": "0001065280",
    "fillingDate": "2025-01-27",
    "acceptedDate": "2025-01-27 16:01:56",
    "calendarYear": "2024",
    "period": "FY",
    "revenue": 39000966000,
    "costOfRevenue": 21038464000,
    "grossProfit": 17962502000,
    "grossProfitRatio": 0.4605655665,
    "researchAndDevelopmentExpenses": 2925295000,
    "generalAndAdministrativeExpenses": 1702039000,
    "sellingAndMarketingExpenses": 2917554000,
    "sellingGeneralAndAdministrativeExpenses": 4619593000,
    "otherExpenses": 0,
    "operatingExpenses": 7544888000,
    "costAndExpenses": 28583352000,
    "interestIncome": 0,
    "interestExpense": 718733000,
    "depreciationAndAmortization": 15630431000,
    "ebitda": 24877355000,
    "ebitdaratio": 0.637865098,
    "operatingIncome": 10417614000,
    "operatingIncomeRatio": 0.2671116915,
    "totalOtherIncomeExpensesNet": -451957000,
    "incomeBeforeTax": 9965657000,
    "incomeBeforeTaxRatio": 0.2555233376,
    "incomeTaxExpense": 1254026000,
    "netIncome": 8711631000,
    "netIncomeRatio": 0.2233696212,
    "eps": 20.28,
    "epsdiluted": 19.83,
    "weightedAverageShsOut": 429519000,
    "weightedAverageShsOutDil": 439261000,
    "link": "https://www.sec.gov/Archives/edgar/data/1065280/000106528025000044/0001065280-25-000044-index.htm",
    "finalLink": "https://www.sec.gov/Archives/edgar/data/1065280/000106528025000044/nflx-20241231.htm"
  },
  {
    "date": "2023-12-31",
    "symbol": "NFLX",
    "reportedCurrency": "USD",
    "cik": "0001065280",
    "fillingDate": "2024-01-26",
    "acceptedDate": "2024-01-26 16:01:56",
    "calendarYear": "2023",
    "period": "FY",
    "revenue": 33723297000,
    "costOfRevenue": 19715368000,
    "grossProfit": 14007929000,
    "grossProfitRatio": 0.4153783955,
    "researchAndDevelopmentExpenses": 2675758000,
    "generalAndAdministrativeExpenses": 1720285000,
    "sellingAndMarketingExpenses": 2657883000,
    "sellingGeneralAndAdministrativeExpenses": 4378168000,
    "otherExpenses": 0,
    "operatingExpenses": 7053926000,
    "costAndExpenses": 26769294000,
    "interestIncome": 0,
    "interestExpense": 748598000,
    "depreciationAndAmortization": 14554384000,
    "ebitda": 21508387000,
    "ebitdaratio": 0.6377901603,
    "operatingIncome": 6954003000,
    "operatingIncomeRatio": 0.2062076849,
    "totalOtherIncomeExpensesNet": -748598000,
    "incomeBeforeTax": 6205405000,
    "incomeBeforeTaxRatio": 0.1840094401,
    "incomeTaxExpense": 797415000,
    "netIncome": 5407990000,
    "netIncomeRatio": 0.1603636204,
    "eps": 12.25,
    "epsdiluted": 12.03,
    "weightedAverageShsOut": 441571000,
    "weightedAverageShsOutDil": 449498000,
    "link": "https://www.sec.gov/Archives/edgar/data/1065280/000106528024000030/0001065280-24-000030-index.htm",
    "finalLink": "https://www.sec.gov/Archives/edgar/data/1065280/000106528024000030/nflx-20231231.htm"
  },
  {
    "date": "2022-12-31",
    "symbol": "NFLX",
    "reportedCurrency": "USD",
    "cik": "0001065280",
    "fillingDate": "2023-01-26",
    "acceptedDate": "2023-01-26 16:03:50",
    "calendarYear": "2022",
    "period": "FY",
    "revenue": 31615550000,
    "costOfRevenue": 19168285000,
    "grossProfit": 12447265000,
    "grossProfitRatio": 0.3937070524,
    "researchAndDevelopmentExpenses": 2711041000,
    "generalAndAdministrativeExpenses": 1572891000,
    "sellingAndMarketingExpenses": 2530502000,
    "sellingGeneralAndAdministrativeExpenses": 4103393000,
    "otherExpenses": 0,
    "operatingExpenses": 6814434000,
    "costAndExpenses": 25982719000,
    "interestIncome": 337310000,
    "interestExpense": 706212000,
    "depreciationAndAmortization": 14362814000,
    "ebitda": 20332955000,
    "ebitdaratio": 0.6431314654,
    "operatingIncome": 5632831000,
    "operatingIncomeRatio": 0.1781664719,
    "totalOtherIncomeExpensesNet": -368902000,
    "incomeBeforeTax": 5263929000,
    "incomeBeforeTaxRatio": 0.1664980998,
    "incomeTaxExpense": 772005000,
    "netIncome": 4491924000,
    "netIncomeRatio": 0.1420795779,
    "eps": 10.1,
    "epsdiluted": 9.95,
    "weightedAverageShsOut": 444698000,
    "weightedAverageShsOutDil": 451290000,
    "link": "https://www.sec.gov/Archives/edgar/data/1065280/000106528023000035/0001065280-23-000035-index.htm",
    "finalLink": "https://www.sec.gov/Archives/edgar/data/1065280/000106528023000035/nflx-20221231.htm"
  },
  {
    "date": "2021-12-31",
    "symbol": "NFLX",
    "reportedCurrency": "USD",
    "cik": "0001065280",
    "fillingDate": "2022-01-27",
    "acceptedDate": "2022-01-27 17:03:33",
    "calendarYear": "2021",
    "period": "FY",
    "revenue": 29697844000,
    "costOfRevenue": 17332683000,
    "grossProfit": 12365161000,
    "grossProfitRatio": 0.4163656123,
    "researchAndDevelopmentExpenses": 2273885000,
    "generalAndAdministrativeExpenses": 1351621000,
    "sellingAndMarketingExpenses": 2545146000,
    "sellingGeneralAndAdministrativeExpenses": 3896767000,
    "otherExpenses": 0,
    "operatingExpenses": 6170652000,
    "costAndExpenses": 23503335000,
    "interestIncome": 411214000,
    "interestExpense": 765620000,
    "depreciationAndAmortization": 12438779000,
    "ebitda": 19044502000,
    "ebitdaratio": 0.6412755754,
    "operatingIncome": 6194509000,
    "operatingIncomeRatio": 0.2085844683,
    "totalOtherIncomeExpensesNet": -354406000,
    "incomeBeforeTax": 5840103000,
    "incomeBeforeTaxRatio": 0.19665074,
    "incomeTaxExpense": 723875000,
    "netIncome": 5116228000,
    "netIncomeRatio": 0.172276075,
    "eps": 11.55,
    "epsdiluted": 11.24,
    "weightedAverageShsOut": 443155000,
    "weightedAverageShsOutDil": 455372000,
    "link": "https://www.sec.gov/Archives/edgar/data/1065280/000106528022000036/0001065280-22-000036-index.htm",
    "finalLink": "https://www.sec.gov/Archives/edgar/data/1065280/000106528022000036/nflx-20211231.htm"
  },
  {
    "date": "2020-12-31",
    "symbol": "NFLX",
    "reportedCurrency": "USD",
    "cik": "0001065280",
    "fillingDate": "2021-01-28",
    "acceptedDate": "2021-01-28 16:21:59",
    "calendarYear": "2020",
    "period": "FY",
    "revenue": 24996056000,
    "costOfRevenue": 15276319000,
    "grossProfit": 9719737000,
    "grossProfitRatio": 0.3888508251,
    "researchAndDevelopmentExpenses": 1829600000,
    "generalAndAdministrativeExpenses": 1076486000,
    "sellingAndMarketingExpenses": 2228362000,
    "sellingGeneralAndAdministrativeExpenses": 3304848000,
    "otherExpenses": 0,
    "operatingExpenses": 5134448000,
    "costAndExpenses": 20410767000,
    "interestIncome": 725940000,
    "interestExpense": 1385940000,
    "depreciationAndAmortization": 10922622000,
    "ebitda": 15507911000,
    "ebitdaratio": 0.6204143166,
    "operatingIncome": 4585289000,
    "operatingIncomeRatio": 0.1834404996,
    "totalOtherIncomeExpensesNet": -1385940000,
    "incomeBeforeTax": 3199349000,
    "incomeBeforeTaxRatio": 0.1279941524,
    "incomeTaxExpense": 437954000,
    "netIncome": 2761395000,
    "netIncomeRatio": 0.1104732283,
    "eps": 6.26,
    "epsdiluted": 6.08,
    "weightedAverageShsOut": 440922000,
    "weightedAverageShsOutDil": 454208000,
    "link": "https://www.sec.gov/Archives/edgar/data/1065280/000106528021000040/0001065280-21-000040-index.htm",
    "finalLink": "https://www.sec.gov/Archives/edgar/data/1065280/000106528021000040/nflx-20201231.htm"
  },
  {
    "date": "2019-12-31",
    "symbol": "NFLX",
    "reportedCurrency": "USD",
    "cik": "0001065280",
    "fillingDate": "2020-01-29",
    "acceptedDate": "2020-01-29 16:03:25",
    "calendarYear": "2019",
    "period": "FY",
    "revenue": 20156447000,
    "costOfRevenue": 12440213000,
    "grossProfit": 7716234000,
    "grossProfitRatio": 0.3828171701,
    "researchAndDevelopmentExpenses": 1545149000,
    "generalAndAdministrativeExpenses": 914369000,
    "sellingAndMarketingExpenses": 2652462000,
    "sellingGeneralAndAdministrativeExpenses": 3566831000,
    "otherExpenses": 0,
    "operatingExpenses": 5111980000,
    "costAndExpenses": 17552193000,
    "interestIncome": 84000000,
    "interestExpense": 626023000,
    "depreciationAndAmortization": 9319826000,
    "ebitda": 12008080000,
    "ebitdaratio": 0.5957438828,
    "operatingIncome": 2604254000,
    "operatingIncomeRatio": 0.1292020365,
    "totalOtherIncomeExpensesNet": -542023000,
    "incomeBeforeTax": 2062231000,
    "incomeBeforeTaxRatio": 0.1023112357,
    "incomeTaxExpense": 195315000,
    "netIncome": 1866916000,
    "netIncomeRatio": 0.0926212839,
    "eps": 4.26,
    "epsdiluted": 4.13,
    "weightedAverageShsOut": 437799000,
    "weightedAverageShsOutDil": 451765000,
    "link": "https://www.sec.gov/Archives/edgar/data/1065280/000106528020000040/0001065280-20-000040-index.htm",
    "finalLink": "https://www.sec.gov/Archives/edgar/data/1065280/000106528020000040/form10kq419.htm"
  },
  {
    "date": "2018-12-31",
    "symbol": "NFLX",
    "reportedCurrency": "USD",
    "cik": "0001065280",
    "fillingDate": "2019-02-08",
    "acceptedDate": "2019-02-08 13:25:19",
    "calendarYear": "2018",
    "period": "FY",
    "revenue": 15794341000,
    "costOfRevenue": 9967538000,
    "grossProfit": 5826803000,
    "grossProfitRatio": 0.368917133,
    "researchAndDevelopmentExpenses": 1221814000,
    "generalAndAdministrativeExpenses": 630294000,
    "sellingAndMarketingExpenses": 2369469000,
    "sellingGeneralAndAdministrativeExpenses": 2999763000,
    "otherExpenses": 0,
    "operatingExpenses": 4221577000,
    "costAndExpenses": 14189115000,
    "interestIncome": 41725000,
    "interestExpense": 420493000,
    "depreciationAndAmortization": 7656457000,
    "ebitda": 9303408000,
    "ebitdaratio": 0.5890342623,
    "operatingIncome": 1605226000,
    "operatingIncomeRatio": 0.1016329836,
    "totalOtherIncomeExpensesNet": -378768000,
    "incomeBeforeTax": 1226458000,
    "incomeBeforeTaxRatio": 0.0776517362,
    "incomeTaxExpense": 15216000,
    "netIncome": 1211242000,
    "netIncomeRatio": 0.0766883531,
    "eps": 2.78,
    "epsdiluted": 2.68,
    "weightedAverageShsOut": 435374000,
    "weightedAverageShsOutDil": 451244000,
    "link": "https://www.sec.gov/Archives/edgar/data/1065280/000106528019000079/0001065280-19-000079-index.htm",
    "finalLink": "https://www.sec.gov/Archives/edgar/data/1065280/000106528019000079/a10ka.htm"
  },
  {
    "date": "2017-12-31",
    "symbol": "NFLX",
    "reportedCurrency": "USD",
    "cik": "0001065280",
    "fillingDate": "2018-01-29",
    "acceptedDate": "2018-01-29 17:29:30",
    "calendarYear": "2017",
    "period": "FY",
    "revenue": 11692713000,
    "costOfRevenue": 7659666000,
    "grossProfit": 4033047000,
    "grossProfitRatio": 0.3449196949,
    "researchAndDevelopmentExpenses": 1052778000,
    "generalAndAdministrativeExpenses": 863568000,
    "sellingAndMarketingExpenses": 1278022000,
    "sellingGeneralAndAdministrativeExpenses": 2141590000,
    "otherExpenses": 0,
    "operatingExpenses": 3194368000,
    "costAndExpenses": 10854034000,
    "interestIncome": 0,
    "interestExpense": 353358000,
    "depreciationAndAmortization": 6330385000,
    "ebitda": 838679000,
    "ebitdaratio": 0.0717266386,
    "operatingIncome": 838679000,
    "operatingIncomeRatio": 0.0717266386,
    "totalOtherIncomeExpensesNet": -353358000,
    "incomeBeforeTax": 485321000,
    "incomeBeforeTaxRatio": 0.0415062783,
    "incomeTaxExpense": -73608000,
    "netIncome": 558929000,
    "netIncomeRatio": 0.0478014811,
    "eps": 1.29,
    "epsdiluted": 1.25,
    "weightedAverageShsOut": 431885000,
    "weightedAverageShsOutDil": 446814000,
    "link": "https://www.sec.gov/Archives/edgar/data/1065280/000106528018000069/0001065280-18-000069-index.htm",
    "finalLink": "https://www.sec.gov/Archives/edgar/data/1065280/000106528018000069/q4nflx201710k.htm"
  },
  {
    "date": "2016-12-31",
    "symbol": "NFLX",
    "reportedCurrency": "USD",
    "cik": "0001065280",
    "fillingDate": "2017-01-27",
    "acceptedDate": "2017-01-27 15:44:46",
    "calendarYear": "2016",
    "period": "FY",
    "revenue": 8830669000,
    "costOfRevenue": 6029901000,
    "grossProfit": 2800768000,
    "grossProfitRatio": 0.3171637392,
    "researchAndDevelopmentExpenses": 852098000,
    "generalAndAdministrativeExpenses": 577799000,
    "sellingAndMarketingExpenses": 991078000,
    "sellingGeneralAndAdministrativeExpenses": 1568877000,
    "otherExpenses": 0,
    "operatingExpenses": 2420975000,
    "costAndExpenses": 8450876000,
    "interestIncome": 30828000,
    "interestExpense": 150114000,
    "depreciationAndAmortization": 4924978000,
    "ebitda": 5335599000,
    "ebitdaratio": 0.6042123196,
    "operatingIncome": 379793000,
    "operatingIncomeRatio": 0.0430084063,
    "totalOtherIncomeExpensesNet": -119286000,
    "incomeBeforeTax": 260507000,
    "incomeBeforeTaxRatio": 0.0295002564,
    "incomeTaxExpense": 73829000,
    "netIncome": 186678000,
    "netIncomeRatio": 0.0211397347,
    "eps": 0.44,
    "epsdiluted": 0.43,
    "weightedAverageShsOut": 428822000,
    "weightedAverageShsOutDil": 438652000,
    "link": "https://www.sec.gov/Archives/edgar/data/1065280/000162828017000496/0001628280-17-000496-index.htm",
    "finalLink": "https://www.sec.gov/Archives/edgar/data/1065280/000162828017000496/nflx201610k.htm"
  },
  {
    "date": "2015-12-31",
    "symbol": "NFLX",
    "reportedCurrency": "USD",
    "cik": "0001065280",
    "fillingDate": "2016-01-28",
    "acceptedDate": "2016-01-28 14:55:13",
    "calendarYear": "2015",
    "period": "FY",
    "revenue": 6779511000,
    "costOfRevenue": 4591476000,
    "grossProfit": 2188035000,
    "grossProfitRatio": 0.322742304,
    "researchAndDevelopmentExpenses": 650788000,
    "generalAndAdministrativeExpenses": 407329000,
    "sellingAndMarketingExpenses": 824092000,
    "sellingGeneralAndAdministrativeExpenses": 1231421000,
    "otherExpenses": 0,
    "operatingExpenses": 1882209000,
    "costAndExpenses": 6473685000,
    "interestIncome": 0,
    "interestExpense": 163941000,
    "depreciationAndAmortization": 3547045000,
    "ebitda": 3852871000,
    "ebitdaratio": 0.5683110478,
    "operatingIncome": 305826000,
    "operatingIncomeRatio": 0.0451103332,
    "totalOtherIncomeExpensesNet": -163941000,
    "incomeBeforeTax": 141885000,
    "incomeBeforeTaxRatio": 0.0209285006,
    "incomeTaxExpense": 19244000,
    "netIncome": 122641000,
    "netIncomeRatio": 0.0180899478,
    "eps": 0.29,
    "epsdiluted": 0.28,
    "weightedAverageShsOut": 425889000,
    "weightedAverageShsOutDil": 436456000,
    "link": "https://www.sec.gov/Archives/edgar/data/1065280/000106528016000047/0001065280-16-000047-index.htm",
    "finalLink": "https://www.sec.gov/Archives/edgar/data/1065280/000106528016000047/nflx201510k.htm"
  }
]