[
  {
    "date": "2024-12-31",
    "symbol": "PGR",
    "reportedCurrency": "USD",
    "cik": "0000080661",
    "fillingDate": "2025-03-03",
    "acceptedDate": "2025-03-03 10:34:24",
    "calendarYear": "2024",
    "period": "FY",
    "revenue": 8763000000,
    "costOfRevenue": 0,
    "grossProfit": 8763000000,
    "grossProfitRatio": 1,
    "researchAndDevelopmentExpenses": 0,
    "generalAndAdministrativeExpenses": 0,
    "sellingAndMarketingExpenses": 0,
    "sellingGeneralAndAdministrativeExpenses": 0,
    "otherExpenses": 0,
    "operatingExpenses": 0,
    "costAndExpenses": 0,
    "interestIncome": 0,
    "interestExpense": 280000000,
    "depreciationAndAmortization": 0,
    "ebitda": 0,
    "ebitdaratio": 0,
    "operatingIncome": 0,
    "operatingIncomeRatio": 0,
    "totalOtherIncomeExpensesNet": -2571000000,
    "incomeBeforeTax": 8421000000,
    "incomeBeforeTaxRatio": 0.9609722698,
    "incomeTaxExpense": -59000000,
    "netIncome": 8480000000,
    "netIncomeRatio": 0.9677051238,
    "eps": 14.48,
    "epsdiluted": 14.43,
    "weightedAverageShsOut": 585600000,
    "weightedAverageShsOutDil": 587600000,
    "link": "https://www.sec.gov/Archives/edgar/data/80661/000008066125000007/0000080661-25-000007-index.htm",
    "finalLink": "https://www.sec.gov/Archives/edgar/data/80661/000008066125000007/pgr-20241231.htm"
  },
  {
    "date": "2023-12-31",
    "symbol": "PGR",
    "reportedCurrency": "USD",
    "cik": "0000080661",
    "fillingDate": "2024-02-26",
    "acceptedDate": "2024-02-26 10:46:54",
    "calendarYear": "2023",
    "period": "FY",
    "revenue": 62082300000,
    "costOfRevenue": 7600000,
    "grossProfit": 62074700000,
    "grossProfitRatio": 0.9998775819,
    "researchAndDevelopmentExpenses": 0,
    "generalAndAdministrativeExpenses": 0,
    "sellingAndMarketingExpenses": 0,
    "sellingGeneralAndAdministrativeExpenses": -5172100000,
    "otherExpenses": 62082300000,
    "operatingExpenses": 56910200000,
    "costAndExpenses": 56910200000,
    "interestIncome": 0,
    "interestExpense": 268400000,
    "depreciationAndAmortization": 299700000,
    "ebitda": 0,
    "ebitdaratio": 0,
    "operatingIncome": 5172100000,
    "operatingIncomeRatio": 0.0833103799,
    "totalOtherIncomeExpensesNet": -268400000,
    "incomeBeforeTax": 4903700000,
    "incomeBeforeTaxRatio": 0.0789870865,
    "incomeTaxExpense": 1001300000,
    "netIncome": 3902400000,
    "netIncomeRatio": 0.0628584959,
    "eps": 6.61,
    "epsdiluted": 6.58,
    "weightedAverageShsOut": 584900000,
    "weightedAverageShsOutDil": 587500000,
    "link": "https://www.sec.gov/Archives/edgar/data/80661/000008066124000007/0000080661-24-000007-index.htm",
    "finalLink": "https://www.sec.gov/Archives/edgar/data/80661/000008066124000007/pgr-20231231.htm"
  },
  {
    "date": "2022-12-31",
    "symbol": "PGR",
    "reportedCurrency": "USD",
    "cik": "0000080661",
    "fillingDate": "2023-02-27",
    "acceptedDate": "2023-02-27 10:13:46",
    "calendarYear": "2022",
    "period": "FY",
    "revenue": 49586400000,
    "costOfRevenue": 6.8,
    "grossProfit": 49586399993,
    "grossProfitRatio": 0.9999999999,
    "researchAndDevelopmentExpenses": 0,
    "generalAndAdministrativeExpenses": 0,
    "sellingAndMarketingExpenses": 0,
    "sellingGeneralAndAdministrativeExpenses": 0,
    "otherExpenses": -10073300000,
    "operatingExpenses": 48664300000,
    "costAndExpenses": 48664300000,
    "interestIncome": 0,
    "interestExpense": 243500000,
    "depreciationAndAmortization": 336600000,
    "ebitda": 0,
    "ebitdaratio": 0,
    "operatingIncome": 922100000,
    "operatingIncomeRatio": 0.0185958247,
    "totalOtherIncomeExpensesNet": -468300000,
    "incomeBeforeTax": 922100000,
    "incomeBeforeTaxRatio": 0.0185958247,
    "incomeTaxExpense": 200600000,
    "netIncome": 721500000,
    "netIncomeRatio": 0.0145503606,
    "eps": 1.19,
    "epsdiluted": 1.18,
    "weightedAverageShsOut": 584400000,
    "weightedAverageShsOutDil": 587100000,
    "link": "https://www.sec.gov/Archives/edgar/data/80661/000008066123000006/0000080661-23-000006-index.htm",
    "finalLink": "https://www.sec.gov/Archives/edgar/data/80661/000008066123000006/pgr-20221231.htm"
  },
  {
    "date": "2021-12-31",
    "symbol": "PGR",
    "reportedCurrency": "USD",
    "cik": "0000080661",
    "fillingDate": "2022-02-28",
    "acceptedDate": "2022-02-28 09:40:01",
    "calendarYear": "2021",
    "period": "FY",
    "revenue": 47676500000,
    "costOfRevenue": 6.8,
    "grossProfit": 47676499993,
    "grossProfitRatio": 0.9999999999,
    "researchAndDevelopmentExpenses": 0,
    "generalAndAdministrativeExpenses": 0,
    "sellingAndMarketingExpenses": 0,
    "sellingGeneralAndAdministrativeExpenses": 0,
    "otherExpenses": -9620300000,
    "operatingExpenses": 43466500000,
    "costAndExpenses": 43466500000,
    "interestIncome": 0,
    "interestExpense": 218600000,
    "depreciationAndAmortization": 337400000,
    "ebitda": 0,
    "ebitdaratio": 0,
    "operatingIncome": 4210000000,
    "operatingIncomeRatio": 0.0883034619,
    "totalOtherIncomeExpensesNet": -218600000,
    "incomeBeforeTax": 4210000000,
    "incomeBeforeTaxRatio": 0.0883034619,
    "incomeTaxExpense": 859100000,
    "netIncome": 3350900000,
    "netIncomeRatio": 0.0702841022,
    "eps": 5.69,
    "epsdiluted": 5.66,
    "weightedAverageShsOut": 584500000,
    "weightedAverageShsOutDil": 587100000,
    "link": "https://www.sec.gov/Archives/edgar/data/80661/000008066122000046/0000080661-22-000046-index.htm",
    "finalLink": "https://www.sec.gov/Archives/edgar/data/80661/000008066122000046/pgr-20211231.htm"
  },
  {
    "date": "2020-12-31",
    "symbol": "PGR",
    "reportedCurrency": "USD",
    "cik": "0000080661",
    "fillingDate": "2021-03-01",
    "acceptedDate": "2021-03-01 10:23:49",
    "calendarYear": "2020",
    "period": "FY",
    "revenue": 42638100000,
    "costOfRevenue": 7200000,
    "grossProfit": 42630900000,
    "grossProfitRatio": 0.9998311369,
    "researchAndDevelopmentExpenses": 0,
    "generalAndAdministrativeExpenses": 0,
    "sellingAndMarketingExpenses": 0,
    "sellingGeneralAndAdministrativeExpenses": 1077400000,
    "otherExpenses": -9048700000,
    "operatingExpenses": 35464900000,
    "costAndExpenses": 35464900000,
    "interestIncome": 0,
    "interestExpense": 217000000,
    "depreciationAndAmortization": 331800000,
    "ebitda": 0,
    "ebitdaratio": 0,
    "operatingIncome": 7173200000,
    "operatingIncomeRatio": 0.1682345133,
    "totalOtherIncomeExpensesNet": -217000000,
    "incomeBeforeTax": 7173200000,
    "incomeBeforeTaxRatio": 0.1682345133,
    "incomeTaxExpense": 1468600000,
    "netIncome": 5704600000,
    "netIncomeRatio": 0.1337911398,
    "eps": 9.71,
    "epsdiluted": 9.66,
    "weightedAverageShsOut": 584900000,
    "weightedAverageShsOutDil": 587600000,
    "link": "https://www.sec.gov/Archives/edgar/data/80661/000008066121000014/0000080661-21-000014-index.htm",
    "finalLink": "https://www.sec.gov/Archives/edgar/data/80661/000008066121000014/pgr-20201231.htm"
  },
  {
    "date": "2019-12-31",
    "symbol": "PGR",
    "reportedCurrency": "USD",
    "cik": "0000080661",
    "fillingDate": "2020-03-02",
    "acceptedDate": "2020-03-02 15:56:08",
    "calendarYear": "2019",
    "period": "FY",
    "revenue": 38997700000,
    "costOfRevenue": 5500000,
    "grossProfit": 38992200000,
    "grossProfitRatio": 0.999858966,
    "researchAndDevelopmentExpenses": 0,
    "generalAndAdministrativeExpenses": 178900000,
    "sellingAndMarketingExpenses": 0,
    "sellingGeneralAndAdministrativeExpenses": 178900000,
    "otherExpenses": -8177200000,
    "operatingExpenses": 33837400000,
    "costAndExpenses": 33837400000,
    "interestIncome": 0,
    "interestExpense": 189700000,
    "depreciationAndAmortization": 306100000,
    "ebitda": 0,
    "ebitdaratio": 0,
    "operatingIncome": 5160300000,
    "operatingIncomeRatio": 0.1323231883,
    "totalOtherIncomeExpensesNet": -189700000,
    "incomeBeforeTax": 5160300000,
    "incomeBeforeTaxRatio": 0.1323231883,
    "incomeTaxExpense": 1180300000,
    "netIncome": 3970300000,
    "netIncomeRatio": 0.1018085682,
    "eps": 6.75,
    "epsdiluted": 6.72,
    "weightedAverageShsOut": 583800000,
    "weightedAverageShsOutDil": 587200000,
    "link": "https://www.sec.gov/Archives/edgar/data/80661/000008066120000006/0000080661-20-000006-index.htm",
    "finalLink": "https://www.sec.gov/Archives/edgar/data/80661/000008066120000006/pgr-20191231x10k.htm"
  },
  {
    "date": "2018-12-31",
    "symbol": "PGR",
    "reportedCurrency": "USD",
    "cik": "0000080661",
    "fillingDate": "2019-02-27",
    "acceptedDate": "2019-02-27 08:23:22",
    "calendarYear": "2018",
    "period": "FY",
    "revenue": 31954700000,
    "costOfRevenue": 5100000,
    "grossProfit": 31949600000,
    "grossProfitRatio": 0.9998403991,
    "researchAndDevelopmentExpenses": 0,
    "generalAndAdministrativeExpenses": 134100000,
    "sellingAndMarketingExpenses": 0,
    "sellingGeneralAndAdministrativeExpenses": 134100000,
    "otherExpenses": -6903600000,
    "operatingExpenses": 28791100000,
    "costAndExpenses": 28791100000,
    "interestIncome": 0,
    "interestExpense": 166500000,
    "depreciationAndAmortization": 262400000,
    "ebitda": 0,
    "ebitdaratio": 0,
    "operatingIncome": 3163600000,
    "operatingIncomeRatio": 0.0990026506,
    "totalOtherIncomeExpensesNet": -166500000,
    "incomeBeforeTax": 3163600000,
    "incomeBeforeTaxRatio": 0.0990026506,
    "incomeTaxExpense": 542600000,
    "netIncome": 2615300000,
    "netIncomeRatio": 0.0818439854,
    "eps": 4.49,
    "epsdiluted": 4.46,
    "weightedAverageShsOut": 582400000,
    "weightedAverageShsOutDil": 586700000,
    "link": "https://www.sec.gov/Archives/edgar/data/80661/000008066119000008/0000080661-19-000008-index.htm",
    "finalLink": "https://www.sec.gov/Archives/edgar/data/80661/000008066119000008/pgr-20181231x10k.htm"
  },
  {
    "date": "2017-12-31",
    "symbol": "PGR",
    "reportedCurrency": "USD",
    "cik": "0000080661",
    "fillingDate": "2018-02-27",
    "acceptedDate": "2018-02-27 16:46:52",
    "calendarYear": "2017",
    "period": "FY",
    "revenue": 26816100000,
    "costOfRevenue": 4600000,
    "grossProfit": 26811500000,
    "grossProfitRatio": 0.9998284613,
    "researchAndDevelopmentExpenses": 0,
    "generalAndAdministrativeExpenses": 109500000,
    "sellingAndMarketingExpenses": 0,
    "sellingGeneralAndAdministrativeExpenses": 109500000,
    "otherExpenses": -5715100000,
    "operatingExpenses": 24677200000,
    "costAndExpenses": 24677200000,
    "interestIncome": 0,
    "interestExpense": 153100000,
    "depreciationAndAmortization": 236100000,
    "ebitda": 0,
    "ebitdaratio": 0,
    "operatingIncome": 2138900000,
    "operatingIncomeRatio": 0.0797617849,
    "totalOtherIncomeExpensesNet": -152900000,
    "incomeBeforeTax": 2138900000,
    "incomeBeforeTaxRatio": 0.0797617849,
    "incomeTaxExpense": 540800000,
    "netIncome": 1592200000,
    "netIncomeRatio": 0.0593747786,
    "eps": 2.74,
    "epsdiluted": 2.72,
    "weightedAverageShsOut": 580800000,
    "weightedAverageShsOutDil": 585700000,
    "link": "https://www.sec.gov/Archives/edgar/data/80661/000008066118000011/0000080661-18-000011-index.htm",
    "finalLink": "https://www.sec.gov/Archives/edgar/data/80661/000008066118000011/pgr-20171231x10k.htm"
  },
  {
    "date": "2016-12-31",
    "symbol": "PGR",
    "reportedCurrency": "USD",
    "cik": "0000080661",
    "fillingDate": "2017-03-01",
    "acceptedDate": "2017-03-01 11:59:52",
    "calendarYear": "2016",
    "period": "FY",
    "revenue": 23417400000,
    "costOfRevenue": 4200000,
    "grossProfit": 23413200000,
    "grossProfitRatio": 0.9998206462,
    "researchAndDevelopmentExpenses": 0,
    "generalAndAdministrativeExpenses": 92000000,
    "sellingAndMarketingExpenses": 0,
    "sellingGeneralAndAdministrativeExpenses": 92000000,
    "otherExpenses": -4927800000,
    "operatingExpenses": 21946700000,
    "costAndExpenses": 21946700000,
    "interestIncome": 0,
    "interestExpense": 140900000,
    "depreciationAndAmortization": 199500000,
    "ebitda": 0,
    "ebitdaratio": 0,
    "operatingIncome": 1470700000,
    "operatingIncomeRatio": 0.0628037271,
    "totalOtherIncomeExpensesNet": -138900000,
    "incomeBeforeTax": 1470700000,
    "incomeBeforeTaxRatio": 0.0628037271,
    "incomeTaxExpense": 413500000,
    "netIncome": 1031000000,
    "netIncomeRatio": 0.044027091,
    "eps": 1.77,
    "epsdiluted": 1.76,
    "weightedAverageShsOut": 581700000,
    "weightedAverageShsOutDil": 585000000,
    "link": "https://www.sec.gov/Archives/edgar/data/80661/000008066117000012/0000080661-17-000012-index.htm",
    "finalLink": "https://www.sec.gov/Archives/edgar/data/80661/000008066117000012/pgr-20161231x10k.htm"
  },
  {
    "date": "2015-12-31",
    "symbol": "PGR",
    "reportedCurrency": "USD",
    "cik": "0000080661",
    "fillingDate": "2016-02-29",
    "acceptedDate": "2016-02-29 12:40:21",
    "calendarYear": "2015",
    "period": "FY",
    "revenue": 20831900000,
    "costOfRevenue": 5400000,
    "grossProfit": 20826500000,
    "grossProfitRatio": 0.9997407822,
    "researchAndDevelopmentExpenses": 0,
    "generalAndAdministrativeExpenses": 77500000,
    "sellingAndMarketingExpenses": 0,
    "sellingGeneralAndAdministrativeExpenses": 77500000,
    "otherExpenses": 0,
    "operatingExpenses": 18920300000,
    "costAndExpenses": 18920300000,
    "interestIncome": 0,
    "interestExpense": 136000000,
    "depreciationAndAmortization": 150500000,
    "ebitda": 0,
    "ebitdaratio": 0,
    "operatingIncome": 1911600000,
    "operatingIncomeRatio": 0.0917631133,
    "totalOtherIncomeExpensesNet": -136500000,
    "incomeBeforeTax": 1911600000,
    "incomeBeforeTaxRatio": 0.0917631133,
    "incomeTaxExpense": 611100000,
    "netIncome": 1267600000,
    "netIncomeRatio": 0.0608489864,
    "eps": 2.16,
    "epsdiluted": 2.15,
    "weightedAverageShsOut": 585500000,
    "weightedAverageShsOutDil": 589200000,
    "link": "https://www.sec.gov/Archives/edgar/data/80661/000008066116000080/0000080661-16-000080-index.htm",
    "finalLink": "https://www.sec.gov/Archives/edgar/data/80661/000008066116000080/pgr-20151231x10k.htm"
  }
]