[
  {
    "date": "2024-12-31",
    "symbol": "PGR",
    "reportedCurrency": "USD",
    "cik": "0000080661",
    "fillingDate": "2025-03-03",
    "acceptedDate": "2025-03-03 10:34:24",
    "calendarYear": "2024",
    "period": "Q4",
    "revenue": 20267200000,
    "costOfRevenue": 20267200000,
    "grossProfit": 0,
    "grossProfitRatio": 0,
    "researchAndDevelopmentExpenses": 0,
    "generalAndAdministrativeExpenses": 0,
    "sellingAndMarketingExpenses": 0,
    "sellingGeneralAndAdministrativeExpenses": 0,
    "otherExpenses": 0,
    "operatingExpenses": 0,
    "costAndExpenses": -17229600000,
    "interestIncome": 0,
    "interestExpense": 69900000,
    "depreciationAndAmortization": 0,
    "ebitda": 3037600000,
    "ebitdaratio": 0.1498776348,
    "operatingIncome": 3037600000,
    "operatingIncomeRatio": 0.1498776348,
    "totalOtherIncomeExpensesNet": -69700000,
    "incomeBeforeTax": 2967900000,
    "incomeBeforeTaxRatio": 0.1464385806,
    "incomeTaxExpense": 611400000,
    "netIncome": 2356000000,
    "netIncomeRatio": 0.1162469409,
    "eps": 4.02,
    "epsdiluted": 4.01,
    "weightedAverageShsOut": 585600000,
    "weightedAverageShsOutDil": 587700000,
    "link": "https://www.sec.gov/Archives/edgar/data/80661/000008066125000007/0000080661-25-000007-index.htm",
    "finalLink": "https://www.sec.gov/Archives/edgar/data/80661/000008066125000007/pgr-20241231.htm"
  },
  {
    "date": "2024-09-30",
    "symbol": "PGR",
    "reportedCurrency": "USD",
    "cik": "0000080661",
    "fillingDate": "2024-11-04",
    "acceptedDate": "2024-11-04 09:19:11",
    "calendarYear": "2024",
    "period": "Q3",
    "revenue": 19711800000,
    "costOfRevenue": 0,
    "grossProfit": 19711800000,
    "grossProfitRatio": 1,
    "researchAndDevelopmentExpenses": 0,
    "generalAndAdministrativeExpenses": 0,
    "sellingAndMarketingExpenses": 0,
    "sellingGeneralAndAdministrativeExpenses": 0,
    "otherExpenses": 19711800000,
    "operatingExpenses": 19711800000,
    "costAndExpenses": 19711800000,
    "interestIncome": 0,
    "interestExpense": 69900000,
    "depreciationAndAmortization": 70700000,
    "ebitda": 0,
    "ebitdaratio": 0,
    "operatingIncome": 0,
    "operatingIncomeRatio": 0,
    "totalOtherIncomeExpensesNet": 2944800000,
    "incomeBeforeTax": 2944800000,
    "incomeBeforeTaxRatio": 0.1493927495,
    "incomeTaxExpense": 611400000,
    "netIncome": 2333400000,
    "netIncomeRatio": 0.1183757952,
    "eps": 3.98,
    "epsdiluted": 3.97,
    "weightedAverageShsOut": 585600000,
    "weightedAverageShsOutDil": 587600000,
    "link": "https://www.sec.gov/Archives/edgar/data/80661/000008066124000045/0000080661-24-000045-index.htm",
    "finalLink": "https://www.sec.gov/Archives/edgar/data/80661/000008066124000045/pgr-20240930.htm"
  },
  {
    "date": "2024-06-30",
    "symbol": "PGR",
    "reportedCurrency": "USD",
    "cik": "0000080661",
    "fillingDate": "2024-08-05",
    "acceptedDate": "2024-08-05 09:27:02",
    "calendarYear": "2024",
    "period": "Q2",
    "revenue": 17760900000,
    "costOfRevenue": 0,
    "grossProfit": 17760900000,
    "grossProfitRatio": 1,
    "researchAndDevelopmentExpenses": 0,
    "generalAndAdministrativeExpenses": 0,
    "sellingAndMarketingExpenses": 0,
    "sellingGeneralAndAdministrativeExpenses": 0,
    "otherExpenses": -3601700000,
    "operatingExpenses": 16197000000,
    "costAndExpenses": 16197000000,
    "interestIncome": 0,
    "interestExpense": 69600000,
    "depreciationAndAmortization": 67800000,
    "ebitda": 0,
    "ebitdaratio": 0,
    "operatingIncome": 1563900000,
    "operatingIncomeRatio": 0.0880529703,
    "totalOtherIncomeExpensesNet": 296500000,
    "incomeBeforeTax": 1860400000,
    "incomeBeforeTaxRatio": 0.1047469441,
    "incomeTaxExpense": 401700000,
    "netIncome": 1458700000,
    "netIncomeRatio": 0.082129847,
    "eps": 2.49,
    "epsdiluted": 2.48,
    "weightedAverageShsOut": 585400000,
    "weightedAverageShsOutDil": 587300000,
    "link": "https://www.sec.gov/Archives/edgar/data/80661/000008066124000031/0000080661-24-000031-index.htm",
    "finalLink": "https://www.sec.gov/Archives/edgar/data/80661/000008066124000031/pgr-20240630.htm"
  },
  {
    "date": "2024-03-31",
    "symbol": "PGR",
    "reportedCurrency": "USD",
    "cik": "0000080661",
    "fillingDate": "2024-05-06",
    "acceptedDate": "2024-05-06 09:56:59",
    "calendarYear": "2024",
    "period": "Q1",
    "revenue": 17236800000,
    "costOfRevenue": 0,
    "grossProfit": 17236800000,
    "grossProfitRatio": 1,
    "researchAndDevelopmentExpenses": 0,
    "generalAndAdministrativeExpenses": 0,
    "sellingAndMarketingExpenses": 0,
    "sellingGeneralAndAdministrativeExpenses": 0,
    "otherExpenses": -3255700000,
    "operatingExpenses": 14296900000,
    "costAndExpenses": 14296900000,
    "interestIncome": 0,
    "interestExpense": 69600000,
    "depreciationAndAmortization": 69700000,
    "ebitda": 0,
    "ebitdaratio": 0,
    "operatingIncome": 2939900000,
    "operatingIncomeRatio": 0.1705595006,
    "totalOtherIncomeExpensesNet": 0,
    "incomeBeforeTax": 2939900000,
    "incomeBeforeTaxRatio": 0.1705595006,
    "incomeTaxExpense": 608500000,
    "netIncome": 2331400000,
    "netIncomeRatio": 0.1352571243,
    "eps": 3.95,
    "epsdiluted": 3.94,
    "weightedAverageShsOut": 585400000,
    "weightedAverageShsOutDil": 587300000,
    "link": "https://www.sec.gov/Archives/edgar/data/80661/000008066124000018/0000080661-24-000018-index.htm",
    "finalLink": "https://www.sec.gov/Archives/edgar/data/80661/000008066124000018/pgr-20240331.htm"
  },
  {
    "date": "2023-12-31",
    "symbol": "PGR",
    "reportedCurrency": "USD",
    "cik": "0000080661",
    "fillingDate": "2024-02-26",
    "acceptedDate": "2024-02-26 10:46:54",
    "calendarYear": "2023",
    "period": "Q4",
    "revenue": 16883800000,
    "costOfRevenue": 7600000,
    "grossProfit": 16876200000,
    "grossProfitRatio": 0.9995498644,
    "researchAndDevelopmentExpenses": 0,
    "generalAndAdministrativeExpenses": 0,
    "sellingAndMarketingExpenses": 0,
    "sellingGeneralAndAdministrativeExpenses": 0,
    "otherExpenses": -2838100000,
    "operatingExpenses": 14380400000,
    "costAndExpenses": 14380400000,
    "interestIncome": 0,
    "interestExpense": 69700000,
    "depreciationAndAmortization": 76300000,
    "ebitda": 2573100000,
    "ebitdaratio": 0.1524005259,
    "operatingIncome": 2503400000,
    "operatingIncomeRatio": 0.1482723084,
    "totalOtherIncomeExpensesNet": 0,
    "incomeBeforeTax": 2503400000,
    "incomeBeforeTaxRatio": 0.1482723084,
    "incomeTaxExpense": 515600000,
    "netIncome": 1987800000,
    "netIncomeRatio": 0.1177341594,
    "eps": 3.38,
    "epsdiluted": 3.37,
    "weightedAverageShsOut": 585300000,
    "weightedAverageShsOutDil": 587500000,
    "link": "https://www.sec.gov/Archives/edgar/data/80661/000008066124000007/0000080661-24-000007-index.htm",
    "finalLink": "https://www.sec.gov/Archives/edgar/data/80661/000008066124000007/pgr-20231231.htm"
  },
  {
    "date": "2023-09-30",
    "symbol": "PGR",
    "reportedCurrency": "USD",
    "cik": "0000080661",
    "fillingDate": "2023-10-31",
    "acceptedDate": "2023-10-31 08:41:29",
    "calendarYear": "2023",
    "period": "Q3",
    "revenue": 15553400000,
    "costOfRevenue": 0,
    "grossProfit": 15553400000,
    "grossProfitRatio": 1,
    "researchAndDevelopmentExpenses": 0,
    "generalAndAdministrativeExpenses": 0,
    "sellingAndMarketingExpenses": 0,
    "sellingGeneralAndAdministrativeExpenses": 0,
    "otherExpenses": -2685600000,
    "operatingExpenses": 14143200000,
    "costAndExpenses": 14143200000,
    "interestIncome": 0,
    "interestExpense": 69700000,
    "depreciationAndAmortization": 74300000,
    "ebitda": 0,
    "ebitdaratio": 0,
    "operatingIncome": 1410200000,
    "operatingIncomeRatio": 0.0906682783,
    "totalOtherIncomeExpensesNet": 0,
    "incomeBeforeTax": 1410200000,
    "incomeBeforeTaxRatio": 0.0906682783,
    "incomeTaxExpense": 288900000,
    "netIncome": 1121300000,
    "netIncomeRatio": 0.0720935615,
    "eps": 1.9,
    "epsdiluted": 1.89,
    "weightedAverageShsOut": 584800000,
    "weightedAverageShsOutDil": 587500000,
    "link": "https://www.sec.gov/Archives/edgar/data/80661/000008066123000049/0000080661-23-000049-index.htm",
    "finalLink": "https://www.sec.gov/Archives/edgar/data/80661/000008066123000049/pgr-20230930.htm"
  },
  {
    "date": "2023-06-30",
    "symbol": "PGR",
    "reportedCurrency": "USD",
    "cik": "0000080661",
    "fillingDate": "2023-08-01",
    "acceptedDate": "2023-08-01 10:13:34",
    "calendarYear": "2023",
    "period": "Q2",
    "revenue": 15347400000,
    "costOfRevenue": 0,
    "grossProfit": 15347400000,
    "grossProfitRatio": 1,
    "researchAndDevelopmentExpenses": 0,
    "generalAndAdministrativeExpenses": 0,
    "sellingAndMarketingExpenses": 0,
    "sellingGeneralAndAdministrativeExpenses": 0,
    "otherExpenses": -2675900000,
    "operatingExpenses": 14911700000,
    "costAndExpenses": 14911700000,
    "interestIncome": 0,
    "interestExpense": 65700000,
    "depreciationAndAmortization": 81100000,
    "ebitda": 577100000,
    "ebitdaratio": 0.0376024604,
    "operatingIncome": 435700000,
    "operatingIncomeRatio": 0.0283891734,
    "totalOtherIncomeExpensesNet": 0,
    "incomeBeforeTax": 435700000,
    "incomeBeforeTaxRatio": 0.0283891734,
    "incomeTaxExpense": 90300000,
    "netIncome": 345400000,
    "netIncomeRatio": 0.0225054407,
    "eps": 0.57,
    "epsdiluted": 0.57,
    "weightedAverageShsOut": 584900000,
    "weightedAverageShsOutDil": 587000000,
    "link": "https://www.sec.gov/Archives/edgar/data/80661/000008066123000037/0000080661-23-000037-index.htm",
    "finalLink": "https://www.sec.gov/Archives/edgar/data/80661/000008066123000037/pgr-20230630.htm"
  },
  {
    "date": "2023-03-31",
    "symbol": "PGR",
    "reportedCurrency": "USD",
    "cik": "0000080661",
    "fillingDate": "2023-05-02",
    "acceptedDate": "2023-05-02 11:19:04",
    "calendarYear": "2023",
    "period": "Q1",
    "revenue": 14297700000,
    "costOfRevenue": 0,
    "grossProfit": 14297700000,
    "grossProfitRatio": 1,
    "researchAndDevelopmentExpenses": 0,
    "generalAndAdministrativeExpenses": 0,
    "sellingAndMarketingExpenses": 0,
    "sellingGeneralAndAdministrativeExpenses": 0,
    "otherExpenses": -3056000000,
    "operatingExpenses": 13743300000,
    "costAndExpenses": 13743300000,
    "interestIncome": 0,
    "interestExpense": 63300000,
    "depreciationAndAmortization": 68000000,
    "ebitda": 0,
    "ebitdaratio": 0,
    "operatingIncome": 554400000,
    "operatingIncomeRatio": 0.0387754674,
    "totalOtherIncomeExpensesNet": 0,
    "incomeBeforeTax": 554400000,
    "incomeBeforeTaxRatio": 0.0387754674,
    "incomeTaxExpense": 106500000,
    "netIncome": 447900000,
    "netIncomeRatio": 0.0313267169,
    "eps": 0.75,
    "epsdiluted": 0.75,
    "weightedAverageShsOut": 584900000,
    "weightedAverageShsOutDil": 587000000,
    "link": "https://www.sec.gov/Archives/edgar/data/80661/000008066123000023/0000080661-23-000023-index.htm",
    "finalLink": "https://www.sec.gov/Archives/edgar/data/80661/000008066123000023/pgr-20230331.htm"
  },
  {
    "date": "2022-12-31",
    "symbol": "PGR",
    "reportedCurrency": "USD",
    "cik": "0000080661",
    "fillingDate": "2023-02-27",
    "acceptedDate": "2023-02-27 10:13:46",
    "calendarYear": "2022",
    "period": "Q4",
    "revenue": 13462900000,
    "costOfRevenue": 6.8,
    "grossProfit": 13462899993,
    "grossProfitRatio": 0.9999999995,
    "researchAndDevelopmentExpenses": 0,
    "generalAndAdministrativeExpenses": 0,
    "sellingAndMarketingExpenses": 0,
    "sellingGeneralAndAdministrativeExpenses": 0,
    "otherExpenses": -2550000000,
    "operatingExpenses": 12437600000,
    "costAndExpenses": 12437600000,
    "interestIncome": 0,
    "interestExpense": 63100000,
    "depreciationAndAmortization": 83600000,
    "ebitda": 1088400000,
    "ebitdaratio": 0.0808443946,
    "operatingIncome": 1025300000,
    "operatingIncomeRatio": 0.0761574401,
    "totalOtherIncomeExpensesNet": 0,
    "incomeBeforeTax": 1025300000,
    "incomeBeforeTaxRatio": 0.0761574401,
    "incomeTaxExpense": 198900000,
    "netIncome": 826400000,
    "netIncomeRatio": 0.0613835058,
    "eps": 1.4,
    "epsdiluted": 1.4,
    "weightedAverageShsOut": 584900000,
    "weightedAverageShsOutDil": 587100000,
    "link": "https://www.sec.gov/Archives/edgar/data/80661/000008066123000006/0000080661-23-000006-index.htm",
    "finalLink": "https://www.sec.gov/Archives/edgar/data/80661/000008066123000006/pgr-20221231.htm"
  },
  {
    "date": "2022-09-30",
    "symbol": "PGR",
    "reportedCurrency": "USD",
    "cik": "0000080661",
    "fillingDate": "2022-11-01",
    "acceptedDate": "2022-11-01 09:50:29",
    "calendarYear": "2022",
    "period": "Q3",
    "revenue": 12774400000,
    "costOfRevenue": 0,
    "grossProfit": 12774400000,
    "grossProfitRatio": 1,
    "researchAndDevelopmentExpenses": 0,
    "generalAndAdministrativeExpenses": 0,
    "sellingAndMarketingExpenses": 0,
    "sellingGeneralAndAdministrativeExpenses": 0,
    "otherExpenses": -2550100000,
    "operatingExpenses": 12631900000,
    "costAndExpenses": 12631900000,
    "interestIncome": 0,
    "interestExpense": 63100000,
    "depreciationAndAmortization": 83300000,
    "ebitda": 0,
    "ebitdaratio": 0,
    "operatingIncome": 142500000,
    "operatingIncomeRatio": 0.0111551227,
    "totalOtherIncomeExpensesNet": 0,
    "incomeBeforeTax": 142500000,
    "incomeBeforeTaxRatio": 0.0111551227,
    "incomeTaxExpense": 18400000,
    "netIncome": 124100000,
    "netIncomeRatio": 0.009714742,
    "eps": 0.21,
    "epsdiluted": 0.21,
    "weightedAverageShsOut": 584500000,
    "weightedAverageShsOutDil": 587100000,
    "link": "https://www.sec.gov/Archives/edgar/data/80661/000008066122000080/0000080661-22-000080-index.htm",
    "finalLink": "https://www.sec.gov/Archives/edgar/data/80661/000008066122000080/pgr-20220930.htm"
  },
  {
    "date": "2022-06-30",
    "symbol": "PGR",
    "reportedCurrency": "USD",
    "cik": "0000080661",
    "fillingDate": "2022-08-02",
    "acceptedDate": "2022-08-02 09:56:44",
    "calendarYear": "2022",
    "period": "Q2",
    "revenue": 11513300000,
    "costOfRevenue": 0,
    "grossProfit": 11513300000,
    "grossProfitRatio": 1,
    "researchAndDevelopmentExpenses": 0,
    "generalAndAdministrativeExpenses": 0,
    "sellingAndMarketingExpenses": 0,
    "sellingGeneralAndAdministrativeExpenses": 0,
    "otherExpenses": -2440300000,
    "operatingExpenses": 12149200000,
    "costAndExpenses": 12149200000,
    "interestIncome": 0,
    "interestExpense": 63000000,
    "depreciationAndAmortization": 84000000,
    "ebitda": -488900000,
    "ebitdaratio": -0.042463933,
    "operatingIncome": -635900000,
    "operatingIncomeRatio": -0.0552317754,
    "totalOtherIncomeExpensesNet": -287800000,
    "incomeBeforeTax": -635900000,
    "incomeBeforeTaxRatio": -0.0552317754,
    "incomeTaxExpense": -93000000,
    "netIncome": -542900000,
    "netIncomeRatio": -0.0471541608,
    "eps": -0.93,
    "epsdiluted": -0.93,
    "weightedAverageShsOut": 584300000,
    "weightedAverageShsOutDil": 586500000,
    "link": "https://www.sec.gov/Archives/edgar/data/80661/000008066122000071/0000080661-22-000071-index.htm",
    "finalLink": "https://www.sec.gov/Archives/edgar/data/80661/000008066122000071/pgr-20220630.htm"
  },
  {
    "date": "2022-03-31",
    "symbol": "PGR",
    "reportedCurrency": "USD",
    "cik": "0000080661",
    "fillingDate": "2022-05-02",
    "acceptedDate": "2022-05-02 10:06:53",
    "calendarYear": "2022",
    "period": "Q1",
    "revenue": 11835800000,
    "costOfRevenue": 0,
    "grossProfit": 11835800000,
    "grossProfitRatio": 1,
    "researchAndDevelopmentExpenses": 0,
    "generalAndAdministrativeExpenses": 0,
    "sellingAndMarketingExpenses": 0,
    "sellingGeneralAndAdministrativeExpenses": 0,
    "otherExpenses": -2532900000,
    "operatingExpenses": 11445600000,
    "costAndExpenses": 11445600000,
    "interestIncome": 0,
    "interestExpense": 54300000,
    "depreciationAndAmortization": 85700000,
    "ebitda": 0,
    "ebitdaratio": 0,
    "operatingIncome": 390200000,
    "operatingIncomeRatio": 0.0329677757,
    "totalOtherIncomeExpensesNet": 0,
    "incomeBeforeTax": 390200000,
    "incomeBeforeTaxRatio": 0.0329677757,
    "incomeTaxExpense": 76300000,
    "netIncome": 313900000,
    "netIncomeRatio": 0.0265212322,
    "eps": 0.54,
    "epsdiluted": 0.54,
    "weightedAverageShsOut": 584300000,
    "weightedAverageShsOutDil": 586300000,
    "link": "https://www.sec.gov/Archives/edgar/data/80661/000008066122000058/0000080661-22-000058-index.htm",
    "finalLink": "https://www.sec.gov/Archives/edgar/data/80661/000008066122000058/pgr-20220331.htm"
  },
  {
    "date": "2021-12-31",
    "symbol": "PGR",
    "reportedCurrency": "USD",
    "cik": "0000080661",
    "fillingDate": "2022-02-28",
    "acceptedDate": "2022-02-28 09:40:01",
    "calendarYear": "2021",
    "period": "Q4",
    "revenue": 12485100000,
    "costOfRevenue": 6.8,
    "grossProfit": 12485099993,
    "grossProfitRatio": 0.9999999994,
    "researchAndDevelopmentExpenses": 0,
    "generalAndAdministrativeExpenses": 0,
    "sellingAndMarketingExpenses": 0,
    "sellingGeneralAndAdministrativeExpenses": 0,
    "otherExpenses": -2369600000,
    "operatingExpenses": 11281200000,
    "costAndExpenses": 11281200000,
    "interestIncome": 0,
    "interestExpense": 51600000,
    "depreciationAndAmortization": 90400000,
    "ebitda": 1255500000,
    "ebitdaratio": 0.1005598674,
    "operatingIncome": 1203900000,
    "operatingIncomeRatio": 0.0964269409,
    "totalOtherIncomeExpensesNet": -51600000,
    "incomeBeforeTax": 1203900000,
    "incomeBeforeTaxRatio": 0.0964269409,
    "incomeTaxExpense": 241600000,
    "netIncome": 962300000,
    "netIncomeRatio": 0.0770758744,
    "eps": 1.65,
    "epsdiluted": 1.65,
    "weightedAverageShsOut": 583900000,
    "weightedAverageShsOutDil": 584700000,
    "link": "https://www.sec.gov/Archives/edgar/data/80661/000008066122000046/0000080661-22-000046-index.htm",
    "finalLink": "https://www.sec.gov/Archives/edgar/data/80661/000008066122000046/pgr-20211231.htm"
  },
  {
    "date": "2021-09-30",
    "symbol": "PGR",
    "reportedCurrency": "USD",
    "cik": "0000080661",
    "fillingDate": "2021-11-02",
    "acceptedDate": "2021-11-02 10:00:37",
    "calendarYear": "2021",
    "period": "Q3",
    "revenue": 11852600000,
    "costOfRevenue": 0,
    "grossProfit": 11852600000,
    "grossProfitRatio": 1,
    "researchAndDevelopmentExpenses": 0,
    "generalAndAdministrativeExpenses": 0,
    "sellingAndMarketingExpenses": 0,
    "sellingGeneralAndAdministrativeExpenses": 0,
    "otherExpenses": -2408700000,
    "operatingExpenses": 11713600000,
    "costAndExpenses": 11713600000,
    "interestIncome": 0,
    "interestExpense": 54200000,
    "depreciationAndAmortization": 89100000,
    "ebitda": 0,
    "ebitdaratio": 0,
    "operatingIncome": 139000000,
    "operatingIncomeRatio": 0.0117273847,
    "totalOtherIncomeExpensesNet": 0,
    "incomeBeforeTax": 139000000,
    "incomeBeforeTaxRatio": 0.0117273847,
    "incomeTaxExpense": 20500000,
    "netIncome": 118500000,
    "netIncomeRatio": 0.0099978064,
    "eps": 0.19,
    "epsdiluted": 0.19,
    "weightedAverageShsOut": 584700000,
    "weightedAverageShsOutDil": 587100000,
    "link": "https://www.sec.gov/Archives/edgar/data/80661/000008066121000053/0000080661-21-000053-index.htm",
    "finalLink": "https://www.sec.gov/Archives/edgar/data/80661/000008066121000053/pgr-20210930.htm"
  },
  {
    "date": "2021-06-30",
    "symbol": "PGR",
    "reportedCurrency": "USD",
    "cik": "0000080661",
    "fillingDate": "2021-08-03",
    "acceptedDate": "2021-08-03 10:06:44",
    "calendarYear": "2021",
    "period": "Q2",
    "revenue": 11899200000,
    "costOfRevenue": 0,
    "grossProfit": 11899200000,
    "grossProfitRatio": 1,
    "researchAndDevelopmentExpenses": 0,
    "generalAndAdministrativeExpenses": 0,
    "sellingAndMarketingExpenses": 0,
    "sellingGeneralAndAdministrativeExpenses": 0,
    "otherExpenses": -2437200000,
    "operatingExpenses": 10900000000,
    "costAndExpenses": 10900000000,
    "interestIncome": 0,
    "interestExpense": 56400000,
    "depreciationAndAmortization": 80800000,
    "ebitda": 0,
    "ebitdaratio": 0,
    "operatingIncome": 999200000,
    "operatingIncomeRatio": 0.0839720317,
    "totalOtherIncomeExpensesNet": 0,
    "incomeBeforeTax": 999200000,
    "incomeBeforeTaxRatio": 0.0839720317,
    "incomeTaxExpense": 209100000,
    "netIncome": 790100000,
    "netIncomeRatio": 0.0663994218,
    "eps": 1.34,
    "epsdiluted": 1.34,
    "weightedAverageShsOut": 584600000,
    "weightedAverageShsOutDil": 586800000,
    "link": "https://www.sec.gov/Archives/edgar/data/80661/000008066121000044/0000080661-21-000044-index.htm",
    "finalLink": "https://www.sec.gov/Archives/edgar/data/80661/000008066121000044/pgr-20210630.htm"
  },
  {
    "date": "2021-03-31",
    "symbol": "PGR",
    "reportedCurrency": "USD",
    "cik": "0000080661",
    "fillingDate": "2021-05-04",
    "acceptedDate": "2021-05-04 11:30:28",
    "calendarYear": "2021",
    "period": "Q1",
    "revenue": 11439600000,
    "costOfRevenue": 0,
    "grossProfit": 11439600000,
    "grossProfitRatio": 1,
    "researchAndDevelopmentExpenses": 0,
    "generalAndAdministrativeExpenses": 0,
    "sellingAndMarketingExpenses": 0,
    "sellingGeneralAndAdministrativeExpenses": 0,
    "otherExpenses": 0,
    "operatingExpenses": 9571700000,
    "costAndExpenses": 9571700000,
    "interestIncome": 0,
    "interestExpense": 56400000,
    "depreciationAndAmortization": 77100000,
    "ebitda": 0,
    "ebitdaratio": 0,
    "operatingIncome": 1867900000,
    "operatingIncomeRatio": 0.1632836812,
    "totalOtherIncomeExpensesNet": 0,
    "incomeBeforeTax": 1867900000,
    "incomeBeforeTaxRatio": 0.1632836812,
    "incomeTaxExpense": 387900000,
    "netIncome": 1480000000,
    "netIncomeRatio": 0.129375153,
    "eps": 2.51,
    "epsdiluted": 2.51,
    "weightedAverageShsOut": 584900000,
    "weightedAverageShsOutDil": 586900000,
    "link": "https://www.sec.gov/Archives/edgar/data/80661/000008066121000030/0000080661-21-000030-index.htm",
    "finalLink": "https://www.sec.gov/Archives/edgar/data/80661/000008066121000030/pgr-20210331.htm"
  },
  {
    "date": "2020-12-31",
    "symbol": "PGR",
    "reportedCurrency": "USD",
    "cik": "0000080661",
    "fillingDate": "2021-03-01",
    "acceptedDate": "2021-03-01 10:23:49",
    "calendarYear": "2020",
    "period": "Q4",
    "revenue": 11410300000,
    "costOfRevenue": 7200000,
    "grossProfit": 11403100000,
    "grossProfitRatio": 0.9993689912,
    "researchAndDevelopmentExpenses": 0,
    "generalAndAdministrativeExpenses": 47500000,
    "sellingAndMarketingExpenses": -32500000,
    "sellingGeneralAndAdministrativeExpenses": 15000000,
    "otherExpenses": -8300500000,
    "operatingExpenses": 9304100000,
    "costAndExpenses": 9304100000,
    "interestIncome": 0,
    "interestExpense": 56200000,
    "depreciationAndAmortization": 87800000,
    "ebitda": 2162400000,
    "ebitdaratio": 0.1895129839,
    "operatingIncome": 2106200000,
    "operatingIncomeRatio": 0.1845876094,
    "totalOtherIncomeExpensesNet": 0,
    "incomeBeforeTax": 2106200000,
    "incomeBeforeTaxRatio": 0.1845876094,
    "incomeTaxExpense": 421900000,
    "netIncome": 1684300000,
    "netIncomeRatio": 0.1476122451,
    "eps": 2.88,
    "epsdiluted": 2.88,
    "weightedAverageShsOut": 584900000,
    "weightedAverageShsOutDil": 585200000,
    "link": "https://www.sec.gov/Archives/edgar/data/80661/000008066121000014/0000080661-21-000014-index.htm",
    "finalLink": "https://www.sec.gov/Archives/edgar/data/80661/000008066121000014/pgr-20201231.htm"
  },
  {
    "date": "2020-09-30",
    "symbol": "PGR",
    "reportedCurrency": "USD",
    "cik": "0000080661",
    "fillingDate": "2020-11-03",
    "acceptedDate": "2020-11-03 09:52:35",
    "calendarYear": "2020",
    "period": "Q3",
    "revenue": 10942500000,
    "costOfRevenue": 0,
    "grossProfit": 10942500000,
    "grossProfitRatio": 1,
    "researchAndDevelopmentExpenses": 0,
    "generalAndAdministrativeExpenses": 0,
    "sellingAndMarketingExpenses": 0,
    "sellingGeneralAndAdministrativeExpenses": 29000000,
    "otherExpenses": 0,
    "operatingExpenses": 2821800000,
    "costAndExpenses": 2821800000,
    "interestIncome": 0,
    "interestExpense": 18800000,
    "depreciationAndAmortization": 85100000,
    "ebitda": 0,
    "ebitdaratio": 0,
    "operatingIncome": 8120700000,
    "operatingIncomeRatio": 0.742124743,
    "totalOtherIncomeExpensesNet": -56400000,
    "incomeBeforeTax": 289100000,
    "incomeBeforeTaxRatio": 0.0264199223,
    "incomeTaxExpense": 57700000,
    "netIncome": 231400000,
    "netIncomeRatio": 0.0211469043,
    "eps": 0.39,
    "epsdiluted": 0.39,
    "weightedAverageShsOut": 585200000,
    "weightedAverageShsOutDil": 587800000,
    "link": "https://www.sec.gov/Archives/edgar/data/80661/000008066120000040/0000080661-20-000040-index.htm",
    "finalLink": "https://www.sec.gov/Archives/edgar/data/80661/000008066120000040/pgr-20200930.htm"
  },
  {
    "date": "2020-06-30",
    "symbol": "PGR",
    "reportedCurrency": "USD",
    "cik": "0000080661",
    "fillingDate": "2020-08-04",
    "acceptedDate": "2020-08-04 10:15:09",
    "calendarYear": "2020",
    "period": "Q2",
    "revenue": 10967200000,
    "costOfRevenue": 0,
    "grossProfit": 10967200000,
    "grossProfitRatio": 1,
    "researchAndDevelopmentExpenses": 0,
    "generalAndAdministrativeExpenses": 0,
    "sellingAndMarketingExpenses": 0,
    "sellingGeneralAndAdministrativeExpenses": 1033400000,
    "otherExpenses": 0,
    "operatingExpenses": 2707200000,
    "costAndExpenses": 2707200000,
    "interestIncome": 0,
    "interestExpense": 18800000,
    "depreciationAndAmortization": 81800000,
    "ebitda": 0,
    "ebitdaratio": 0,
    "operatingIncome": 8260000000,
    "operatingIncomeRatio": 0.7531548618,
    "totalOtherIncomeExpensesNet": -56400000,
    "incomeBeforeTax": 597700000,
    "incomeBeforeTaxRatio": 0.0544988694,
    "incomeTaxExpense": 126800000,
    "netIncome": 470900000,
    "netIncomeRatio": 0.0429371216,
    "eps": 0.8,
    "epsdiluted": 0.8,
    "weightedAverageShsOut": 584900000,
    "weightedAverageShsOutDil": 587300000,
    "link": "https://www.sec.gov/Archives/edgar/data/80661/000008066120000032/0000080661-20-000032-index.htm",
    "finalLink": "https://www.sec.gov/Archives/edgar/data/80661/000008066120000032/pgr-202063010q2ndquart.htm"
  },
  {
    "date": "2020-03-31",
    "symbol": "PGR",
    "reportedCurrency": "USD",
    "cik": "0000080661",
    "fillingDate": "2020-05-05",
    "acceptedDate": "2020-05-05 13:01:39",
    "calendarYear": "2020",
    "period": "Q1",
    "revenue": 9318100000,
    "costOfRevenue": 0,
    "grossProfit": 9318100000,
    "grossProfitRatio": 1,
    "researchAndDevelopmentExpenses": 0,
    "generalAndAdministrativeExpenses": 47500000,
    "sellingAndMarketingExpenses": 0,
    "sellingGeneralAndAdministrativeExpenses": 47500000,
    "otherExpenses": 0,
    "operatingExpenses": 8443400000,
    "costAndExpenses": 8443400000,
    "interestIncome": 0,
    "interestExpense": 48000000,
    "depreciationAndAmortization": 77100000,
    "ebitda": 0,
    "ebitdaratio": 0,
    "operatingIncome": 874700000,
    "operatingIncomeRatio": 0.0938710681,
    "totalOtherIncomeExpensesNet": -48000000,
    "incomeBeforeTax": 874700000,
    "incomeBeforeTaxRatio": 0.0938710681,
    "incomeTaxExpense": 175600000,
    "netIncome": 692700000,
    "netIncomeRatio": 0.0743391893,
    "eps": 1.17,
    "epsdiluted": 1.17,
    "weightedAverageShsOut": 584700000,
    "weightedAverageShsOutDil": 586900000,
    "link": "https://www.sec.gov/Archives/edgar/data/80661/000008066120000020/0000080661-20-000020-index.htm",
    "finalLink": "https://www.sec.gov/Archives/edgar/data/80661/000008066120000020/pgr-202033110q1stquart.htm"
  }
]