[
  {
    "date": "2024-12-31",
    "symbol": "NVS",
    "reportedCurrency": "USD",
    "cik": "0001114448",
    "fillingDate": "2025-01-31",
    "acceptedDate": "2025-01-31 07:07:54",
    "calendarYear": "2024",
    "period": "Q4",
    "revenue": 13558000000,
    "costOfRevenue": 3324000000,
    "grossProfit": 10234000000,
    "grossProfitRatio": 0.754831096,
    "researchAndDevelopmentExpenses": 2842000000,
    "generalAndAdministrativeExpenses": 0,
    "sellingAndMarketingExpenses": 0,
    "sellingGeneralAndAdministrativeExpenses": 3501000000,
    "otherExpenses": 361000000,
    "operatingExpenses": 6704000000,
    "costAndExpenses": 10028000000,
    "interestIncome": 291000000,
    "interestExpense": 275000000,
    "depreciationAndAmortization": 1628000000,
    "ebitda": 5188000000,
    "ebitdaratio": 0.3826523086,
    "operatingIncome": 3530000000,
    "operatingIncomeRatio": 0.2603628854,
    "totalOtherIncomeExpensesNet": -245000000,
    "incomeBeforeTax": 3285000000,
    "incomeBeforeTaxRatio": 0.2422923735,
    "incomeTaxExpense": 465000000,
    "netIncome": 2818000000,
    "netIncomeRatio": 0.2078477652,
    "eps": 1.42,
    "epsdiluted": 1.41,
    "weightedAverageShsOut": 1987000000,
    "weightedAverageShsOutDil": 2004000000,
    "link": "https://www.sec.gov/Archives/edgar/data/1114448/000137036825000004/0001370368-25-000004-index.htm",
    "finalLink": "https://www.sec.gov/Archives/edgar/data/1114448/000137036825000004/nvs-20241231.htm"
  },
  {
    "date": "2024-09-30",
    "symbol": "NVS",
    "reportedCurrency": "USD",
    "cik": "0001114448",
    "fillingDate": "2024-09-30",
    "acceptedDate": "2024-09-28 20:00:00",
    "calendarYear": "2024",
    "period": "Q3",
    "revenue": 13172000000,
    "costOfRevenue": 3234000000,
    "grossProfit": 9938000000,
    "grossProfitRatio": 0.7544791983,
    "researchAndDevelopmentExpenses": 2392000000,
    "generalAndAdministrativeExpenses": 0,
    "sellingAndMarketingExpenses": 0,
    "sellingGeneralAndAdministrativeExpenses": 3134000000,
    "otherExpenses": 785000000,
    "operatingExpenses": 6311000000,
    "costAndExpenses": 9545000000,
    "interestIncome": 26000000,
    "interestExpense": 264000000,
    "depreciationAndAmortization": 1965000000,
    "ebitda": 5614000000,
    "ebitdaratio": 0.426207106,
    "operatingIncome": 3627000000,
    "operatingIncomeRatio": 0.2753568175,
    "totalOtherIncomeExpensesNet": -242000000,
    "incomeBeforeTax": 3385000000,
    "incomeBeforeTaxRatio": 0.2569845126,
    "incomeTaxExpense": 200000000,
    "netIncome": 3189000000,
    "netIncomeRatio": 0.242104464,
    "eps": 1.58,
    "epsdiluted": 1.57,
    "weightedAverageShsOut": 2012000000,
    "weightedAverageShsOutDil": 2027000000,
    "link": null,
    "finalLink": null
  },
  {
    "date": "2024-06-30",
    "symbol": "NVS",
    "reportedCurrency": "USD",
    "cik": "0001114448",
    "fillingDate": "2024-06-30",
    "acceptedDate": "2024-06-28 20:00:00",
    "calendarYear": "2024",
    "period": "Q2",
    "revenue": 12512000000,
    "costOfRevenue": 3217000000,
    "grossProfit": 9295000000,
    "grossProfitRatio": 0.7428868286,
    "researchAndDevelopmentExpenses": 2276000000,
    "generalAndAdministrativeExpenses": 0,
    "sellingAndMarketingExpenses": 0,
    "sellingGeneralAndAdministrativeExpenses": 3091000000,
    "otherExpenses": 227000000,
    "operatingExpenses": 5367000000,
    "costAndExpenses": 8584000000,
    "interestIncome": 75000000,
    "interestExpense": 246000000,
    "depreciationAndAmortization": 1162000000,
    "ebitda": 5251000000,
    "ebitdaratio": 0.41967711,
    "operatingIncome": 3928000000,
    "operatingIncomeRatio": 0.3139386189,
    "totalOtherIncomeExpensesNet": -173000000,
    "incomeBeforeTax": 3843000000,
    "incomeBeforeTaxRatio": 0.3071451407,
    "incomeTaxExpense": 595000000,
    "netIncome": 3246000000,
    "netIncomeRatio": 0.2594309463,
    "eps": 1.6,
    "epsdiluted": 1.59,
    "weightedAverageShsOut": 2033000000,
    "weightedAverageShsOutDil": 2046000000,
    "link": null,
    "finalLink": null
  },
  {
    "date": "2024-03-31",
    "symbol": "NVS",
    "reportedCurrency": "USD",
    "cik": "0001114448",
    "fillingDate": "2024-03-31",
    "acceptedDate": "2024-03-29 20:00:00",
    "calendarYear": "2024",
    "period": "Q1",
    "revenue": 11829000000,
    "costOfRevenue": 3130000000,
    "grossProfit": 8699000000,
    "grossProfitRatio": 0.7353960605,
    "researchAndDevelopmentExpenses": 2230000000,
    "generalAndAdministrativeExpenses": 0,
    "sellingAndMarketingExpenses": 0,
    "sellingGeneralAndAdministrativeExpenses": 2840000000,
    "otherExpenses": 0,
    "operatingExpenses": 5070000000,
    "costAndExpenses": 8200000000,
    "interestIncome": 6000000,
    "interestExpense": 221000000,
    "depreciationAndAmortization": 1314000000,
    "ebitda": 4693000000,
    "ebitdaratio": 0.3967368332,
    "operatingIncome": 3629000000,
    "operatingIncomeRatio": 0.3067884014,
    "totalOtherIncomeExpensesNet": -244000000,
    "incomeBeforeTax": 3158000000,
    "incomeBeforeTaxRatio": 0.2669710035,
    "incomeTaxExpense": 441000000,
    "netIncome": 2688000000,
    "netIncomeRatio": 0.2272381435,
    "eps": 1.32,
    "epsdiluted": 1.31,
    "weightedAverageShsOut": 2044000000,
    "weightedAverageShsOutDil": 2056000000,
    "link": null,
    "finalLink": null
  },
  {
    "date": "2023-12-31",
    "symbol": "NVS",
    "reportedCurrency": "USD",
    "cik": "0001114448",
    "fillingDate": "2024-01-31",
    "acceptedDate": "2024-01-31 07:38:06",
    "calendarYear": "2023",
    "period": "Q4",
    "revenue": 11776000000,
    "costOfRevenue": 3022000000,
    "grossProfit": 8754000000,
    "grossProfitRatio": 0.7433763587,
    "researchAndDevelopmentExpenses": 2567000000,
    "generalAndAdministrativeExpenses": 0,
    "sellingAndMarketingExpenses": 0,
    "sellingGeneralAndAdministrativeExpenses": 3444000000,
    "otherExpenses": 0,
    "operatingExpenses": 6172000000,
    "costAndExpenses": 9194000000,
    "interestIncome": 410000000,
    "interestExpense": 217000000,
    "depreciationAndAmortization": 1588000000,
    "ebitda": 4206000000,
    "ebitdaratio": 0.3571671196,
    "operatingIncome": 2582000000,
    "operatingIncomeRatio": 0.2192595109,
    "totalOtherIncomeExpensesNet": -205000000,
    "incomeBeforeTax": 2377000000,
    "incomeBeforeTaxRatio": 0.2018512228,
    "incomeTaxExpense": -261000000,
    "netIncome": 8480000000,
    "netIncomeRatio": 0.7201086957,
    "eps": 4.14,
    "epsdiluted": 4.11,
    "weightedAverageShsOut": 2050000000,
    "weightedAverageShsOutDil": 2065000000,
    "link": "https://www.sec.gov/Archives/edgar/data/1114448/000137036824000004/0001370368-24-000004-index.htm",
    "finalLink": "https://www.sec.gov/Archives/edgar/data/1114448/000137036824000004/nvs-20231231.htm"
  },
  {
    "date": "2023-09-30",
    "symbol": "NVS",
    "reportedCurrency": "USD",
    "cik": "0001114448",
    "fillingDate": "2023-09-30",
    "acceptedDate": "2023-09-30 00:00:00",
    "calendarYear": "2023",
    "period": "Q3",
    "revenue": 12092000000,
    "costOfRevenue": 3117000000,
    "grossProfit": 8975000000,
    "grossProfitRatio": 0.7422262653,
    "researchAndDevelopmentExpenses": 3925000000,
    "generalAndAdministrativeExpenses": 0,
    "sellingAndMarketingExpenses": 0,
    "sellingGeneralAndAdministrativeExpenses": 3091000000,
    "otherExpenses": 0,
    "operatingExpenses": 7213000000,
    "costAndExpenses": 10330000000,
    "interestIncome": 222000000,
    "interestExpense": 222000000,
    "depreciationAndAmortization": 3111000000,
    "ebitda": 4888000000,
    "ebitdaratio": 0.4042342044,
    "operatingIncome": 1762000000,
    "operatingIncomeRatio": 0.145716176,
    "totalOtherIncomeExpensesNet": -210000000,
    "incomeBeforeTax": 1552000000,
    "incomeBeforeTaxRatio": 0.1283493219,
    "incomeTaxExpense": 39000000,
    "netIncome": 1761000000,
    "netIncomeRatio": 0.1456334767,
    "eps": 0.85,
    "epsdiluted": 0.85,
    "weightedAverageShsOut": 2062000000,
    "weightedAverageShsOutDil": 2075000000,
    "link": null,
    "finalLink": null
  },
  {
    "date": "2023-06-30",
    "symbol": "NVS",
    "reportedCurrency": "USD",
    "cik": "0001114448",
    "fillingDate": "2023-06-30",
    "acceptedDate": "2023-06-30 00:00:00",
    "calendarYear": "2023",
    "period": "Q2",
    "revenue": 13936000000,
    "costOfRevenue": 4341000000,
    "grossProfit": 9595000000,
    "grossProfitRatio": 0.6885045924,
    "researchAndDevelopmentExpenses": 2526000000,
    "generalAndAdministrativeExpenses": 0,
    "sellingAndMarketingExpenses": 0,
    "sellingGeneralAndAdministrativeExpenses": 3686000000,
    "otherExpenses": 463000000,
    "operatingExpenses": 6675000000,
    "costAndExpenses": 11016000000,
    "interestIncome": 75000000,
    "interestExpense": 224000000,
    "depreciationAndAmortization": 1825000000,
    "ebitda": 4820000000,
    "ebitdaratio": 0.3458668197,
    "operatingIncome": 2920000000,
    "operatingIncomeRatio": 0.2095292767,
    "totalOtherIncomeExpensesNet": -133000000,
    "incomeBeforeTax": 2769000000,
    "incomeBeforeTaxRatio": 0.1986940299,
    "incomeTaxExpense": 452000000,
    "netIncome": 2316000000,
    "netIncomeRatio": 0.1661882893,
    "eps": 1.11,
    "epsdiluted": 1.11,
    "weightedAverageShsOut": 2083000000,
    "weightedAverageShsOutDil": 2095000000,
    "link": null,
    "finalLink": null
  },
  {
    "date": "2023-03-31",
    "symbol": "NVS",
    "reportedCurrency": "USD",
    "cik": "0001114448",
    "fillingDate": "2023-03-31",
    "acceptedDate": "2023-03-31 00:00:00",
    "calendarYear": "2023",
    "period": "Q1",
    "revenue": 13208000000,
    "costOfRevenue": 3931000000,
    "grossProfit": 9277000000,
    "grossProfitRatio": 0.7023773471,
    "researchAndDevelopmentExpenses": 2794000000,
    "generalAndAdministrativeExpenses": 0,
    "sellingAndMarketingExpenses": 0,
    "sellingGeneralAndAdministrativeExpenses": 3443000000,
    "otherExpenses": 184000000,
    "operatingExpenses": 6421000000,
    "costAndExpenses": 10352000000,
    "interestIncome": 96000000,
    "interestExpense": 211000000,
    "depreciationAndAmortization": 1996000000,
    "ebitda": 4948000000,
    "ebitdaratio": 0.3746214416,
    "operatingIncome": 2856000000,
    "operatingIncomeRatio": 0.2162325863,
    "totalOtherIncomeExpensesNet": -98000000,
    "incomeBeforeTax": 2740000000,
    "incomeBeforeTaxRatio": 0.2074500303,
    "incomeTaxExpense": 446000000,
    "netIncome": 2293000000,
    "netIncomeRatio": 0.1736069049,
    "eps": 1.09,
    "epsdiluted": 1.08,
    "weightedAverageShsOut": 2110000000,
    "weightedAverageShsOutDil": 2120000000,
    "link": null,
    "finalLink": null
  },
  {
    "date": "2022-12-31",
    "symbol": "NVS",
    "reportedCurrency": "USD",
    "cik": "0001114448",
    "fillingDate": "2023-02-01",
    "acceptedDate": "2023-02-01 07:46:24",
    "calendarYear": "2022",
    "period": "Q4",
    "revenue": 13087000000,
    "costOfRevenue": 4073000000,
    "grossProfit": 9014000000,
    "grossProfitRatio": 0.6887751203,
    "researchAndDevelopmentExpenses": 2442000000,
    "generalAndAdministrativeExpenses": 0,
    "sellingAndMarketingExpenses": 0,
    "sellingGeneralAndAdministrativeExpenses": 3747000000,
    "otherExpenses": 876000000,
    "operatingExpenses": 7065000000,
    "costAndExpenses": 11138000000,
    "interestIncome": 170000000,
    "interestExpense": 219000000,
    "depreciationAndAmortization": 1948000000,
    "ebitda": 3910000000,
    "ebitdaratio": 0.2987697715,
    "operatingIncome": 1949000000,
    "operatingIncomeRatio": 0.1489264155,
    "totalOtherIncomeExpensesNet": -208000000,
    "incomeBeforeTax": 1741000000,
    "incomeBeforeTaxRatio": 0.1330327806,
    "incomeTaxExpense": 275000000,
    "netIncome": 1466000000,
    "netIncomeRatio": 0.1120195614,
    "eps": 0.69,
    "epsdiluted": 0.68,
    "weightedAverageShsOut": 2135000000,
    "weightedAverageShsOutDil": 2150000000,
    "link": "https://www.sec.gov/Archives/edgar/data/1114448/000137036823000006/0001370368-23-000006-index.htm",
    "finalLink": "https://www.sec.gov/Archives/edgar/data/1114448/000137036823000006/nvs-20221231.htm"
  },
  {
    "date": "2022-09-30",
    "symbol": "NVS",
    "reportedCurrency": "USD",
    "cik": "0001114448",
    "fillingDate": "2022-09-30",
    "acceptedDate": "2022-09-29 20:00:00",
    "calendarYear": "2022",
    "period": "Q3",
    "revenue": 12842000000,
    "costOfRevenue": 3806000000,
    "grossProfit": 9036000000,
    "grossProfitRatio": 0.7036287183,
    "researchAndDevelopmentExpenses": 2736000000,
    "generalAndAdministrativeExpenses": 0,
    "sellingAndMarketingExpenses": 0,
    "sellingGeneralAndAdministrativeExpenses": 3413000000,
    "otherExpenses": 719000000,
    "operatingExpenses": 6868000000,
    "costAndExpenses": 10674000000,
    "interestIncome": 206000000,
    "interestExpense": 215000000,
    "depreciationAndAmortization": 2026000000,
    "ebitda": 3125000000,
    "ebitdaratio": 0.2433421585,
    "operatingIncome": 2168000000,
    "operatingIncomeRatio": 0.1688210559,
    "totalOtherIncomeExpensesNet": -239000000,
    "incomeBeforeTax": 1919000000,
    "incomeBeforeTaxRatio": 0.1494315527,
    "incomeTaxExpense": 344000000,
    "netIncome": 1573000000,
    "netIncomeRatio": 0.1224887089,
    "eps": 0.73,
    "epsdiluted": 0.72,
    "weightedAverageShsOut": 2167000000,
    "weightedAverageShsOutDil": 2180000000,
    "link": "",
    "finalLink": ""
  },
  {
    "date": "2022-06-30",
    "symbol": "NVS",
    "reportedCurrency": "USD",
    "cik": "0001114448",
    "fillingDate": "2022-06-30",
    "acceptedDate": "2022-06-29 20:00:00",
    "calendarYear": "2022",
    "period": "Q2",
    "revenue": 13085000000,
    "costOfRevenue": 3751000000,
    "grossProfit": 9334000000,
    "grossProfitRatio": 0.7133358808,
    "researchAndDevelopmentExpenses": 2498000000,
    "generalAndAdministrativeExpenses": 0,
    "sellingAndMarketingExpenses": 0,
    "sellingGeneralAndAdministrativeExpenses": 3581000000,
    "otherExpenses": 1027000000,
    "operatingExpenses": 7106000000,
    "costAndExpenses": 10857000000,
    "interestIncome": 16000000,
    "interestExpense": 202000000,
    "depreciationAndAmortization": 1802000000,
    "ebitda": 4046000000,
    "ebitdaratio": 0.309209018,
    "operatingIncome": 2228000000,
    "operatingIncomeRatio": 0.170271303,
    "totalOtherIncomeExpensesNet": -186000000,
    "incomeBeforeTax": 2042000000,
    "incomeBeforeTaxRatio": 0.1560565533,
    "incomeTaxExpense": 347000000,
    "netIncome": 1694000000,
    "netIncomeRatio": 0.1294612151,
    "eps": 0.77,
    "epsdiluted": 0.77,
    "weightedAverageShsOut": 2198000000,
    "weightedAverageShsOutDil": 2211000000,
    "link": "",
    "finalLink": ""
  },
  {
    "date": "2022-03-31",
    "symbol": "NVS",
    "reportedCurrency": "USD",
    "cik": "0001114448",
    "fillingDate": "2022-03-31",
    "acceptedDate": "2022-03-30 20:00:00",
    "calendarYear": "2022",
    "period": "Q1",
    "revenue": 12814000000,
    "costOfRevenue": 3856000000,
    "grossProfit": 8958000000,
    "grossProfitRatio": 0.6990791322,
    "researchAndDevelopmentExpenses": 2320000000,
    "generalAndAdministrativeExpenses": 0,
    "sellingAndMarketingExpenses": 0,
    "sellingGeneralAndAdministrativeExpenses": 3512000000,
    "otherExpenses": 274000000,
    "operatingExpenses": 6106000000,
    "costAndExpenses": 9962000000,
    "interestIncome": 20000000,
    "interestExpense": 201000000,
    "depreciationAndAmortization": 1405000000,
    "ebitda": 4277000000,
    "ebitdaratio": 0.333775558,
    "operatingIncome": 2852000000,
    "operatingIncomeRatio": 0.2225690651,
    "totalOtherIncomeExpensesNet": -183000000,
    "incomeBeforeTax": 2669000000,
    "incomeBeforeTaxRatio": 0.2082878102,
    "incomeTaxExpense": 450000000,
    "netIncome": 2222000000,
    "netIncomeRatio": 0.1734040893,
    "eps": 1,
    "epsdiluted": 0.99,
    "weightedAverageShsOut": 2225000000,
    "weightedAverageShsOutDil": 2237000000,
    "link": "",
    "finalLink": ""
  },
  {
    "date": "2021-12-31",
    "symbol": "NVS",
    "reportedCurrency": "USD",
    "cik": "0001114448",
    "fillingDate": "2022-02-02",
    "acceptedDate": "2022-02-02 07:31:11",
    "calendarYear": "2021",
    "period": "Q4",
    "revenue": 13522000000,
    "costOfRevenue": 3976000000,
    "grossProfit": 9546000000,
    "grossProfitRatio": 0.7059606567,
    "researchAndDevelopmentExpenses": 2409000000,
    "generalAndAdministrativeExpenses": 0,
    "sellingAndMarketingExpenses": 0,
    "sellingGeneralAndAdministrativeExpenses": 3985000000,
    "otherExpenses": 590000000,
    "operatingExpenses": 6984000000,
    "costAndExpenses": 10960000000,
    "interestIncome": 0,
    "interestExpense": 206000000,
    "depreciationAndAmortization": 1519000000,
    "ebitda": 4055000000,
    "ebitdaratio": 0.2998816743,
    "operatingIncome": 2562000000,
    "operatingIncomeRatio": 0.1894690135,
    "totalOtherIncomeExpensesNet": 14389000000,
    "incomeBeforeTax": 16951000000,
    "incomeBeforeTaxRatio": 1.2535867475,
    "incomeTaxExpense": 645000000,
    "netIncome": 16308000000,
    "netIncomeRatio": 1.2060346103,
    "eps": 7.29,
    "epsdiluted": 7.24,
    "weightedAverageShsOut": 2237000000,
    "weightedAverageShsOutDil": 2253000000,
    "link": "https://www.sec.gov/Archives/edgar/data/1114448/000137036822000010/0001370368-22-000010-index.htm",
    "finalLink": "https://www.sec.gov/Archives/edgar/data/1114448/000137036822000010/nvs-20211231.htm"
  },
  {
    "date": "2021-09-30",
    "symbol": "NVS",
    "reportedCurrency": "USD",
    "cik": "0001114448",
    "fillingDate": "2021-09-30",
    "acceptedDate": "2021-09-29 20:00:00",
    "calendarYear": "2021",
    "period": "Q3",
    "revenue": 13367000000,
    "costOfRevenue": 3938000000,
    "grossProfit": 9429000000,
    "grossProfitRatio": 0.7053938805,
    "researchAndDevelopmentExpenses": 2380000000,
    "generalAndAdministrativeExpenses": 0,
    "sellingAndMarketingExpenses": 0,
    "sellingGeneralAndAdministrativeExpenses": 3618000000,
    "otherExpenses": 198000000,
    "operatingExpenses": 6196000000,
    "costAndExpenses": 10134000000,
    "interestIncome": 0,
    "interestExpense": 202000000,
    "depreciationAndAmortization": 1453000000,
    "ebitda": 4662000000,
    "ebitdaratio": 0.3487693574,
    "operatingIncome": 3233000000,
    "operatingIncomeRatio": 0.2418642927,
    "totalOtherIncomeExpensesNet": -3000000,
    "incomeBeforeTax": 3230000000,
    "incomeBeforeTaxRatio": 0.2416398594,
    "incomeTaxExpense": 472000000,
    "netIncome": 2758000000,
    "netIncomeRatio": 0.2063290192,
    "eps": 1.23,
    "epsdiluted": 1.22,
    "weightedAverageShsOut": 2237000000,
    "weightedAverageShsOutDil": 2254000000,
    "link": "",
    "finalLink": ""
  },
  {
    "date": "2021-06-30",
    "symbol": "NVS",
    "reportedCurrency": "USD",
    "cik": "0001114448",
    "fillingDate": "2021-06-30",
    "acceptedDate": "2021-06-29 20:00:00",
    "calendarYear": "2021",
    "period": "Q2",
    "revenue": 13294000000,
    "costOfRevenue": 3914000000,
    "grossProfit": 9380000000,
    "grossProfitRatio": 0.7055814653,
    "researchAndDevelopmentExpenses": 2400000000,
    "generalAndAdministrativeExpenses": 0,
    "sellingAndMarketingExpenses": 0,
    "sellingGeneralAndAdministrativeExpenses": 3754000000,
    "otherExpenses": -253000000,
    "operatingExpenses": 5901000000,
    "costAndExpenses": 9815000000,
    "interestIncome": 0,
    "interestExpense": 201000000,
    "depreciationAndAmortization": 1444000000,
    "ebitda": 4912000000,
    "ebitdaratio": 0.3694899955,
    "operatingIncome": 3479000000,
    "operatingIncomeRatio": 0.2616970062,
    "totalOtherIncomeExpensesNet": 27000000,
    "incomeBeforeTax": 3506000000,
    "incomeBeforeTaxRatio": 0.2637279976,
    "incomeTaxExpense": 611000000,
    "netIncome": 2896000000,
    "netIncomeRatio": 0.2178426358,
    "eps": 1.29,
    "epsdiluted": 1.28,
    "weightedAverageShsOut": 2243000000,
    "weightedAverageShsOutDil": 2258000000,
    "link": "",
    "finalLink": ""
  },
  {
    "date": "2021-03-31",
    "symbol": "NVS",
    "reportedCurrency": "USD",
    "cik": "0001114448",
    "fillingDate": "2021-03-31",
    "acceptedDate": "2021-03-30 20:00:00",
    "calendarYear": "2021",
    "period": "Q1",
    "revenue": 12694000000,
    "costOfRevenue": 4039000000,
    "grossProfit": 8655000000,
    "grossProfitRatio": 0.6818181818,
    "researchAndDevelopmentExpenses": 2351000000,
    "generalAndAdministrativeExpenses": 0,
    "sellingAndMarketingExpenses": 0,
    "sellingGeneralAndAdministrativeExpenses": 3529000000,
    "otherExpenses": 360000000,
    "operatingExpenses": 6240000000,
    "costAndExpenses": 10279000000,
    "interestIncome": 0,
    "interestExpense": 202000000,
    "depreciationAndAmortization": 1697000000,
    "ebitda": 4093000000,
    "ebitdaratio": 0.3224357964,
    "operatingIncome": 2415000000,
    "operatingIncomeRatio": 0.190247361,
    "totalOtherIncomeExpensesNet": 35000000,
    "incomeBeforeTax": 2450000000,
    "incomeBeforeTaxRatio": 0.1930045691,
    "incomeTaxExpense": 391000000,
    "netIncome": 2059000000,
    "netIncomeRatio": 0.1622026154,
    "eps": 0.91,
    "epsdiluted": 0.91,
    "weightedAverageShsOut": 2252000000,
    "weightedAverageShsOutDil": 2265000000,
    "link": "",
    "finalLink": ""
  },
  {
    "date": "2020-12-31",
    "symbol": "NVS",
    "reportedCurrency": "USD",
    "cik": "0001114448",
    "fillingDate": "2021-01-26",
    "acceptedDate": "2021-01-26 08:56:34",
    "calendarYear": "2020",
    "period": "Q4",
    "revenue": 13030000000,
    "costOfRevenue": 4217000000,
    "grossProfit": 8813000000,
    "grossProfitRatio": 0.676362241,
    "researchAndDevelopmentExpenses": 2333000000,
    "generalAndAdministrativeExpenses": 3924000000,
    "sellingAndMarketingExpenses": 0,
    "sellingGeneralAndAdministrativeExpenses": 3924000000,
    "otherExpenses": -88000000,
    "operatingExpenses": 6169000000,
    "costAndExpenses": 10386000000,
    "interestIncome": 0,
    "interestExpense": 201000000,
    "depreciationAndAmortization": 1617000000,
    "ebitda": 4236000000,
    "ebitdaratio": 0.3250959325,
    "operatingIncome": 2644000000,
    "operatingIncomeRatio": 0.2029163469,
    "totalOtherIncomeExpensesNet": -85000000,
    "incomeBeforeTax": 2559000000,
    "incomeBeforeTaxRatio": 0.1963929394,
    "incomeTaxExpense": 460000000,
    "netIncome": 2094000000,
    "netIncomeRatio": 0.1607060629,
    "eps": 0.92,
    "epsdiluted": 0.92,
    "weightedAverageShsOut": 2265000000,
    "weightedAverageShsOutDil": 2282000000,
    "link": "https://www.sec.gov/Archives/edgar/data/1114448/000137036821000006/0001370368-21-000006-index.htm",
    "finalLink": "https://www.sec.gov/Archives/edgar/data/1114448/000137036821000006/a21012620f.htm"
  },
  {
    "date": "2020-09-30",
    "symbol": "NVS",
    "reportedCurrency": "USD",
    "cik": "0001114448",
    "fillingDate": "2020-09-30",
    "acceptedDate": "2020-09-29 20:00:00",
    "calendarYear": "2020",
    "period": "Q3",
    "revenue": 12538000000,
    "costOfRevenue": 3753000000,
    "grossProfit": 8785000000,
    "grossProfitRatio": 0.7006699633,
    "researchAndDevelopmentExpenses": 2146000000,
    "generalAndAdministrativeExpenses": 3419000000,
    "sellingAndMarketingExpenses": 0,
    "sellingGeneralAndAdministrativeExpenses": 3419000000,
    "otherExpenses": 808000000,
    "operatingExpenses": 6373000000,
    "costAndExpenses": 10126000000,
    "interestIncome": 0,
    "interestExpense": 209000000,
    "depreciationAndAmortization": 1734000000,
    "ebitda": 4127000000,
    "ebitdaratio": 0.3291593556,
    "operatingIncome": 2412000000,
    "operatingIncomeRatio": 0.1923751795,
    "totalOtherIncomeExpensesNet": -2000000,
    "incomeBeforeTax": 2410000000,
    "incomeBeforeTaxRatio": 0.1922156644,
    "incomeTaxExpense": 478000000,
    "netIncome": 1935000000,
    "netIncomeRatio": 0.1543308343,
    "eps": 0.85,
    "epsdiluted": 0.84,
    "weightedAverageShsOut": 2285000000,
    "weightedAverageShsOutDil": 2302000000,
    "link": "",
    "finalLink": ""
  },
  {
    "date": "2020-06-30",
    "symbol": "NVS",
    "reportedCurrency": "USD",
    "cik": "0001114448",
    "fillingDate": "2020-06-30",
    "acceptedDate": "2020-06-29 20:00:00",
    "calendarYear": "2020",
    "period": "Q2",
    "revenue": 11622000000,
    "costOfRevenue": 3429000000,
    "grossProfit": 8193000000,
    "grossProfitRatio": 0.7049561177,
    "researchAndDevelopmentExpenses": 2441000000,
    "generalAndAdministrativeExpenses": 3368000000,
    "sellingAndMarketingExpenses": 0,
    "sellingGeneralAndAdministrativeExpenses": 3368000000,
    "otherExpenses": 32000000,
    "operatingExpenses": 5841000000,
    "costAndExpenses": 9270000000,
    "interestIncome": 0,
    "interestExpense": 220000000,
    "depreciationAndAmortization": 1703000000,
    "ebitda": 4028000000,
    "ebitdaratio": 0.3465840647,
    "operatingIncome": 2352000000,
    "operatingIncomeRatio": 0.2023748064,
    "totalOtherIncomeExpensesNet": -64000000,
    "incomeBeforeTax": 2288000000,
    "incomeBeforeTaxRatio": 0.1968680089,
    "incomeTaxExpense": 421000000,
    "netIncome": 1867000000,
    "netIncomeRatio": 0.160643607,
    "eps": 0.82,
    "epsdiluted": 0.81,
    "weightedAverageShsOut": 2289000000,
    "weightedAverageShsOutDil": 2304000000,
    "link": "",
    "finalLink": ""
  },
  {
    "date": "2020-03-31",
    "symbol": "NVS",
    "reportedCurrency": "USD",
    "cik": "0001114448",
    "fillingDate": "2020-03-31",
    "acceptedDate": "2020-03-30 20:00:00",
    "calendarYear": "2020",
    "period": "Q1",
    "revenue": 12708000000,
    "costOfRevenue": 3722000000,
    "grossProfit": 8986000000,
    "grossProfitRatio": 0.7071136292,
    "researchAndDevelopmentExpenses": 2060000000,
    "generalAndAdministrativeExpenses": 3486000000,
    "sellingAndMarketingExpenses": 0,
    "sellingGeneralAndAdministrativeExpenses": 3486000000,
    "otherExpenses": 696000000,
    "operatingExpenses": 6242000000,
    "costAndExpenses": 9964000000,
    "interestIncome": 0,
    "interestExpense": 239000000,
    "depreciationAndAmortization": 1410000000,
    "ebitda": 4147000000,
    "ebitdaratio": 0.3263298709,
    "operatingIncome": 2744000000,
    "operatingIncomeRatio": 0.2159269751,
    "totalOtherIncomeExpensesNet": -123000000,
    "incomeBeforeTax": 2621000000,
    "incomeBeforeTaxRatio": 0.2062480327,
    "incomeTaxExpense": 448000000,
    "netIncome": 2176000000,
    "netIncomeRatio": 0.1712307208,
    "eps": 0.96,
    "epsdiluted": 0.95,
    "weightedAverageShsOut": 2275000000,
    "weightedAverageShsOutDil": 2292000000,
    "link": "",
    "finalLink": ""
  }
]