[
  {
    "date": "2024-12-31",
    "symbol": "NVS",
    "reportedCurrency": "USD",
    "cik": "0001114448",
    "fillingDate": "2025-01-31",
    "acceptedDate": "2025-01-31 07:07:54",
    "calendarYear": "2024",
    "period": "FY",
    "revenue": 51722000000,
    "costOfRevenue": 12827000000,
    "grossProfit": 38895000000,
    "grossProfitRatio": 0.7520010827,
    "researchAndDevelopmentExpenses": 10022000000,
    "generalAndAdministrativeExpenses": 0,
    "sellingAndMarketingExpenses": 0,
    "sellingGeneralAndAdministrativeExpenses": 12566000000,
    "otherExpenses": 1763000000,
    "operatingExpenses": 24351000000,
    "costAndExpenses": 37178000000,
    "interestIncome": 568000000,
    "interestExpense": 1006000000,
    "depreciationAndAmortization": 6069000000,
    "ebitda": 20715000000,
    "ebitdaratio": 0.4005065543,
    "operatingIncome": 14544000000,
    "operatingIncomeRatio": 0.2811956228,
    "totalOtherIncomeExpensesNet": -904000000,
    "incomeBeforeTax": 13640000000,
    "incomeBeforeTaxRatio": 0.263717567,
    "incomeTaxExpense": 1701000000,
    "netIncome": 11941000000,
    "netIncomeRatio": 0.2308688759,
    "eps": 5.97,
    "epsdiluted": 5.87,
    "weightedAverageShsOut": 1999500000,
    "weightedAverageShsOutDil": 2035000000,
    "link": "https://www.sec.gov/Archives/edgar/data/1114448/000137036825000004/0001370368-25-000004-index.htm",
    "finalLink": "https://www.sec.gov/Archives/edgar/data/1114448/000137036825000004/nvs-20241231.htm"
  },
  {
    "date": "2023-12-31",
    "symbol": "NVS",
    "reportedCurrency": "USD",
    "cik": "0001114448",
    "fillingDate": "2024-01-31",
    "acceptedDate": "2024-01-31 07:38:06",
    "calendarYear": "2023",
    "period": "FY",
    "revenue": 46660000000,
    "costOfRevenue": 12472000000,
    "grossProfit": 34188000000,
    "grossProfitRatio": 0.7327046721,
    "researchAndDevelopmentExpenses": 11371000000,
    "generalAndAdministrativeExpenses": 0,
    "sellingAndMarketingExpenses": 0,
    "sellingGeneralAndAdministrativeExpenses": 12489000000,
    "otherExpenses": 559000000,
    "operatingExpenses": 24419000000,
    "costAndExpenses": 36891000000,
    "interestIncome": 627000000,
    "interestExpense": 855000000,
    "depreciationAndAmortization": 8277000000,
    "ebitda": 18286000000,
    "ebitdaratio": 0.3918988427,
    "operatingIncome": 9769000000,
    "operatingIncomeRatio": 0.2093656237,
    "totalOtherIncomeExpensesNet": -646000000,
    "incomeBeforeTax": 9123000000,
    "incomeBeforeTaxRatio": 0.1955207887,
    "incomeTaxExpense": 551000000,
    "netIncome": 14850000000,
    "netIncomeRatio": 0.3182597514,
    "eps": 7.15,
    "epsdiluted": 7.1,
    "weightedAverageShsOut": 2076794140,
    "weightedAverageShsOutDil": 2092000000,
    "link": "https://www.sec.gov/Archives/edgar/data/1114448/000137036824000004/0001370368-24-000004-index.htm",
    "finalLink": "https://www.sec.gov/Archives/edgar/data/1114448/000137036824000004/nvs-20231231.htm"
  },
  {
    "date": "2022-12-31",
    "symbol": "NVS",
    "reportedCurrency": "USD",
    "cik": "0001114448",
    "fillingDate": "2023-02-01",
    "acceptedDate": "2023-02-01 07:46:24",
    "calendarYear": "2022",
    "period": "FY",
    "revenue": 51828000000,
    "costOfRevenue": 15486000000,
    "grossProfit": 36342000000,
    "grossProfitRatio": 0.7012039824,
    "researchAndDevelopmentExpenses": 9996000000,
    "generalAndAdministrativeExpenses": 0,
    "sellingAndMarketingExpenses": 0,
    "sellingGeneralAndAdministrativeExpenses": 14253000000,
    "otherExpenses": 2896000000,
    "operatingExpenses": 27145000000,
    "costAndExpenses": 42631000000,
    "interestIncome": 379000000,
    "interestExpense": 837000000,
    "depreciationAndAmortization": 6705000000,
    "ebitda": 14726000000,
    "ebitdaratio": 0.2841321294,
    "operatingIncome": 9197000000,
    "operatingIncomeRatio": 0.1774523424,
    "totalOtherIncomeExpensesNet": 425000000,
    "incomeBeforeTax": 8371000000,
    "incomeBeforeTaxRatio": 0.1615150112,
    "incomeTaxExpense": 1416000000,
    "netIncome": 6955000000,
    "netIncomeRatio": 0.134193872,
    "eps": 3.19,
    "epsdiluted": 3.17,
    "weightedAverageShsOut": 2181180341,
    "weightedAverageShsOutDil": 2197000000,
    "link": "https://www.sec.gov/Archives/edgar/data/1114448/000137036823000006/0001370368-23-000006-index.htm",
    "finalLink": "https://www.sec.gov/Archives/edgar/data/1114448/000137036823000006/nvs-20221231.htm"
  },
  {
    "date": "2021-12-31",
    "symbol": "NVS",
    "reportedCurrency": "USD",
    "cik": "0001114448",
    "fillingDate": "2022-02-02",
    "acceptedDate": "2022-02-02 07:31:11",
    "calendarYear": "2021",
    "period": "FY",
    "revenue": 52877000000,
    "costOfRevenue": 15867000000,
    "grossProfit": 37010000000,
    "grossProfitRatio": 0.6999262439,
    "researchAndDevelopmentExpenses": 9540000000,
    "generalAndAdministrativeExpenses": 0,
    "sellingAndMarketingExpenses": 0,
    "sellingGeneralAndAdministrativeExpenses": 14886000000,
    "otherExpenses": 895000000,
    "operatingExpenses": 25321000000,
    "costAndExpenses": 41188000000,
    "interestIncome": 71000000,
    "interestExpense": 811000000,
    "depreciationAndAmortization": 5429000000,
    "ebitda": 17132000000,
    "ebitdaratio": 0.3239972011,
    "operatingIncome": 26948000000,
    "operatingIncomeRatio": 0.5096355693,
    "totalOtherIncomeExpensesNet": -16150000000,
    "incomeBeforeTax": 26137000000,
    "incomeBeforeTaxRatio": 0.494298088,
    "incomeTaxExpense": 2119000000,
    "netIncome": 24021000000,
    "netIncomeRatio": 0.4542806891,
    "eps": 10.71,
    "epsdiluted": 10.63,
    "weightedAverageShsOut": 2242601173,
    "weightedAverageShsOutDil": 2260000000,
    "link": "https://www.sec.gov/Archives/edgar/data/1114448/000137036822000010/0001370368-22-000010-index.htm",
    "finalLink": "https://www.sec.gov/Archives/edgar/data/1114448/000137036822000010/nvs-20211231.htm"
  },
  {
    "date": "2020-12-31",
    "symbol": "NVS",
    "reportedCurrency": "USD",
    "cik": "0001114448",
    "fillingDate": "2021-01-26",
    "acceptedDate": "2021-01-26 08:56:34",
    "calendarYear": "2020",
    "period": "FY",
    "revenue": 49898000000,
    "costOfRevenue": 15121000000,
    "grossProfit": 34777000000,
    "grossProfitRatio": 0.6969618021,
    "researchAndDevelopmentExpenses": 8980000000,
    "generalAndAdministrativeExpenses": 0,
    "sellingAndMarketingExpenses": 0,
    "sellingGeneralAndAdministrativeExpenses": 14197000000,
    "otherExpenses": 1448000000,
    "operatingExpenses": 24625000000,
    "costAndExpenses": 39746000000,
    "interestIncome": 91000000,
    "interestExpense": 869000000,
    "depreciationAndAmortization": 5110000000,
    "ebitda": 15236000000,
    "ebitdaratio": 0.3053428995,
    "operatingIncome": 10152000000,
    "operatingIncomeRatio": 0.2034550483,
    "totalOtherIncomeExpensesNet": -274000000,
    "incomeBeforeTax": 9878000000,
    "incomeBeforeTaxRatio": 0.1979638462,
    "incomeTaxExpense": 1807000000,
    "netIncome": 8072000000,
    "netIncomeRatio": 0.1617700108,
    "eps": 3.54,
    "epsdiluted": 3.52,
    "weightedAverageShsOut": 2277041940,
    "weightedAverageShsOutDil": 2296000000,
    "link": "https://www.sec.gov/Archives/edgar/data/1114448/000137036821000006/0001370368-21-000006-index.htm",
    "finalLink": "https://www.sec.gov/Archives/edgar/data/1114448/000137036821000006/a21012620f.htm"
  },
  {
    "date": "2019-12-31",
    "symbol": "NVS",
    "reportedCurrency": "USD",
    "cik": "0001114448",
    "fillingDate": "2020-01-29",
    "acceptedDate": "2020-01-29 08:51:01",
    "calendarYear": "2019",
    "period": "FY",
    "revenue": 48677000000,
    "costOfRevenue": 14425000000,
    "grossProfit": 34252000000,
    "grossProfitRatio": 0.7036588122,
    "researchAndDevelopmentExpenses": 9402000000,
    "generalAndAdministrativeExpenses": 0,
    "sellingAndMarketingExpenses": 0,
    "sellingGeneralAndAdministrativeExpenses": 14369000000,
    "otherExpenses": 1395000000,
    "operatingExpenses": 25166000000,
    "costAndExpenses": 39591000000,
    "interestIncome": 245000000,
    "interestExpense": 850000000,
    "depreciationAndAmortization": 5826000000,
    "ebitda": 15009000000,
    "ebitdaratio": 0.3083386404,
    "operatingIncome": 9086000000,
    "operatingIncomeRatio": 0.1866589971,
    "totalOtherIncomeExpensesNet": -146000000,
    "incomeBeforeTax": 8940000000,
    "incomeBeforeTaxRatio": 0.1836596339,
    "incomeTaxExpense": 1793000000,
    "netIncome": 7147000000,
    "netIncomeRatio": 0.1468249892,
    "eps": 3.12,
    "epsdiluted": 3.08,
    "weightedAverageShsOut": 2290792782,
    "weightedAverageShsOutDil": 2319000000,
    "link": "https://www.sec.gov/Archives/edgar/data/1114448/000137036820000003/0001370368-20-000003-index.htm",
    "finalLink": "https://www.sec.gov/Archives/edgar/data/1114448/000137036820000003/a20012920f.htm"
  },
  {
    "date": "2018-12-31",
    "symbol": "NVS",
    "reportedCurrency": "USD",
    "cik": "0001114448",
    "fillingDate": "2019-01-30",
    "acceptedDate": "2019-01-30 07:19:39",
    "calendarYear": "2018",
    "period": "FY",
    "revenue": 53166000000,
    "costOfRevenue": 18407000000,
    "grossProfit": 34759000000,
    "grossProfitRatio": 0.6537824926,
    "researchAndDevelopmentExpenses": 9074000000,
    "generalAndAdministrativeExpenses": 16471000000,
    "sellingAndMarketingExpenses": 0,
    "sellingGeneralAndAdministrativeExpenses": 16471000000,
    "otherExpenses": 1045000000,
    "operatingExpenses": 26590000000,
    "costAndExpenses": 44997000000,
    "interestIncome": 294000000,
    "interestExpense": 957000000,
    "depreciationAndAmortization": 5211000000,
    "ebitda": 14135000000,
    "ebitdaratio": 0.2658654027,
    "operatingIncome": 8169000000,
    "operatingIncomeRatio": 0.1536508295,
    "totalOtherIncomeExpensesNet": -746000000,
    "incomeBeforeTax": 13835000000,
    "incomeBeforeTaxRatio": 0.2602226987,
    "incomeTaxExpense": 1221000000,
    "netIncome": 12611000000,
    "netIncomeRatio": 0.2372004665,
    "eps": 5.44,
    "epsdiluted": 5.38,
    "weightedAverageShsOut": 2319000000,
    "weightedAverageShsOutDil": 2344000000,
    "link": "https://www.sec.gov/Archives/edgar/data/1114448/000137036819000002/0001370368-19-000002-index.htm",
    "finalLink": "https://www.sec.gov/Archives/edgar/data/1114448/000137036819000002/a19013020f.htm"
  },
  {
    "date": "2017-12-31",
    "symbol": "NVS",
    "reportedCurrency": "USD",
    "cik": "0001114448",
    "fillingDate": "2018-01-24",
    "acceptedDate": "2018-01-24 11:37:24",
    "calendarYear": "2017",
    "period": "FY",
    "revenue": 50135000000,
    "costOfRevenue": 17175000000,
    "grossProfit": 32960000000,
    "grossProfitRatio": 0.6574249526,
    "researchAndDevelopmentExpenses": 8972000000,
    "generalAndAdministrativeExpenses": 2136000000,
    "sellingAndMarketingExpenses": 12861000000,
    "sellingGeneralAndAdministrativeExpenses": 14997000000,
    "otherExpenses": 362000000,
    "operatingExpenses": 24331000000,
    "costAndExpenses": 41506000000,
    "interestIncome": 110000000,
    "interestExpense": 777000000,
    "depreciationAndAmortization": 5210000000,
    "ebitda": 13903000000,
    "ebitdaratio": 0.2773112596,
    "operatingIncome": 8629000000,
    "operatingIncomeRatio": 0.1721152887,
    "totalOtherIncomeExpensesNet": -811000000,
    "incomeBeforeTax": 8999000000,
    "incomeBeforeTaxRatio": 0.1794953625,
    "incomeTaxExpense": 1296000000,
    "netIncome": 7703000000,
    "netIncomeRatio": 0.1536451581,
    "eps": 3.28,
    "epsdiluted": 3.25,
    "weightedAverageShsOut": 2346000000,
    "weightedAverageShsOutDil": 2371000000,
    "link": "https://www.sec.gov/Archives/edgar/data/1114448/000104746918000380/0001047469-18-000380-index.htm",
    "finalLink": "https://www.sec.gov/Archives/edgar/data/1114448/000104746918000380/a2234185z20-f.htm"
  },
  {
    "date": "2016-12-31",
    "symbol": "NVS",
    "reportedCurrency": "USD",
    "cik": "0001114448",
    "fillingDate": "2017-01-25",
    "acceptedDate": "2017-01-25 11:10:47",
    "calendarYear": "2016",
    "period": "FY",
    "revenue": 49436000000,
    "costOfRevenue": 17520000000,
    "grossProfit": 31916000000,
    "grossProfitRatio": 0.645602395,
    "researchAndDevelopmentExpenses": 9039000000,
    "generalAndAdministrativeExpenses": 2194000000,
    "sellingAndMarketingExpenses": 11998000000,
    "sellingGeneralAndAdministrativeExpenses": 14192000000,
    "otherExpenses": 417000000,
    "operatingExpenses": 23648000000,
    "costAndExpenses": 41168000000,
    "interestIncome": 43000000,
    "interestExpense": 707000000,
    "depreciationAndAmortization": 5350000000,
    "ebitda": 13193000000,
    "ebitdaratio": 0.2668702969,
    "operatingIncome": 8268000000,
    "operatingIncomeRatio": 0.167246541,
    "totalOtherIncomeExpensesNet": -451000000,
    "incomeBeforeTax": 7817000000,
    "incomeBeforeTaxRatio": 0.1581236346,
    "incomeTaxExpense": 1119000000,
    "netIncome": 6712000000,
    "netIncomeRatio": 0.1357715025,
    "eps": 2.82,
    "epsdiluted": 2.8,
    "weightedAverageShsOut": 2378000000,
    "weightedAverageShsOutDil": 2400000000,
    "link": "https://www.sec.gov/Archives/edgar/data/1114448/000104746917000338/0001047469-17-000338-index.htm",
    "finalLink": "https://www.sec.gov/Archives/edgar/data/1114448/000104746917000338/a2230622z20-f.htm"
  },
  {
    "date": "2015-12-31",
    "symbol": "NVS",
    "reportedCurrency": "USD",
    "cik": "0001114448",
    "fillingDate": "2016-01-27",
    "acceptedDate": "2016-01-27 08:14:11",
    "calendarYear": "2015",
    "period": "FY",
    "revenue": 50387000000,
    "costOfRevenue": 17404000000,
    "grossProfit": 32983000000,
    "grossProfitRatio": 0.6545934467,
    "researchAndDevelopmentExpenses": 8935000000,
    "generalAndAdministrativeExpenses": 2475000000,
    "sellingAndMarketingExpenses": 11772000000,
    "sellingGeneralAndAdministrativeExpenses": 14247000000,
    "otherExpenses": 824000000,
    "operatingExpenses": 24006000000,
    "costAndExpenses": 41410000000,
    "interestIncome": 33000000,
    "interestExpense": 655000000,
    "depreciationAndAmortization": 5575000000,
    "ebitda": 14364000000,
    "ebitdaratio": 0.2850735309,
    "operatingIncome": 8977000000,
    "operatingIncomeRatio": 0.1781610336,
    "totalOtherIncomeExpensesNet": -843000000,
    "incomeBeforeTax": 8134000000,
    "incomeBeforeTaxRatio": 0.1614305277,
    "incomeTaxExpense": 1106000000,
    "netIncome": 17783000000,
    "netIncomeRatio": 0.3529283347,
    "eps": 7.4,
    "epsdiluted": 7.29,
    "weightedAverageShsOut": 2403000000,
    "weightedAverageShsOutDil": 2438000000,
    "link": "https://www.sec.gov/Archives/edgar/data/1114448/000104746916009872/0001047469-16-009872-index.htm",
    "finalLink": "https://www.sec.gov/Archives/edgar/data/1114448/000104746916009872/a2227040z20-f.htm"
  }
]