[
  {
    "date": "2024-12-31",
    "symbol": "UNP",
    "reportedCurrency": "USD",
    "cik": "0000100885",
    "fillingDate": "2025-02-07",
    "acceptedDate": "2025-02-07 12:12:07",
    "calendarYear": "2024",
    "period": "FY",
    "revenue": 24250000000,
    "costOfRevenue": 13211000000,
    "grossProfit": 11039000000,
    "grossProfitRatio": 0.4552164948,
    "researchAndDevelopmentExpenses": 0,
    "generalAndAdministrativeExpenses": 0,
    "sellingAndMarketingExpenses": 0,
    "sellingGeneralAndAdministrativeExpenses": 1326000000,
    "otherExpenses": 0,
    "operatingExpenses": 1326000000,
    "costAndExpenses": 14537000000,
    "interestIncome": 0,
    "interestExpense": 1269000000,
    "depreciationAndAmortization": 2398000000,
    "ebitda": 12461000000,
    "ebitdaratio": 0.5138556701,
    "operatingIncome": 9713000000,
    "operatingIncomeRatio": 0.4005360825,
    "totalOtherIncomeExpensesNet": -919000000,
    "incomeBeforeTax": 8794000000,
    "incomeBeforeTaxRatio": 0.3626391753,
    "incomeTaxExpense": 2047000000,
    "netIncome": 6747000000,
    "netIncomeRatio": 0.2782268041,
    "eps": 11.1,
    "epsdiluted": 11.09,
    "weightedAverageShsOut": 607600000,
    "weightedAverageShsOutDil": 608600000,
    "link": "https://www.sec.gov/Archives/edgar/data/100885/000010088525000042/0000100885-25-000042-index.htm",
    "finalLink": "https://www.sec.gov/Archives/edgar/data/100885/000010088525000042/unp-20241231.htm"
  },
  {
    "date": "2023-12-31",
    "symbol": "UNP",
    "reportedCurrency": "USD",
    "cik": "0000100885",
    "fillingDate": "2024-02-09",
    "acceptedDate": "2024-02-09 13:56:24",
    "calendarYear": "2023",
    "period": "FY",
    "revenue": 24119000000,
    "costOfRevenue": 13590000000,
    "grossProfit": 10529000000,
    "grossProfitRatio": 0.4365438036,
    "researchAndDevelopmentExpenses": 0,
    "generalAndAdministrativeExpenses": 0,
    "sellingAndMarketingExpenses": 0,
    "sellingGeneralAndAdministrativeExpenses": 1447000000,
    "otherExpenses": 0,
    "operatingExpenses": 1447000000,
    "costAndExpenses": 15037000000,
    "interestIncome": 52000000,
    "interestExpense": 1340000000,
    "depreciationAndAmortization": 2355000000,
    "ebitda": 11928000000,
    "ebitdaratio": 0.4945478668,
    "operatingIncome": 9082000000,
    "operatingIncomeRatio": 0.3765496082,
    "totalOtherIncomeExpensesNet": -849000000,
    "incomeBeforeTax": 8233000000,
    "incomeBeforeTaxRatio": 0.3413491438,
    "incomeTaxExpense": 1854000000,
    "netIncome": 6379000000,
    "netIncomeRatio": 0.2644802853,
    "eps": 10.47,
    "epsdiluted": 10.45,
    "weightedAverageShsOut": 609200000,
    "weightedAverageShsOutDil": 610200000,
    "link": "https://www.sec.gov/Archives/edgar/data/100885/000143774924003599/0001437749-24-003599-index.htm",
    "finalLink": "https://www.sec.gov/Archives/edgar/data/100885/000143774924003599/unp20231231_10k.htm"
  },
  {
    "date": "2022-12-31",
    "symbol": "UNP",
    "reportedCurrency": "USD",
    "cik": "0000100885",
    "fillingDate": "2023-02-10",
    "acceptedDate": "2023-02-10 09:42:02",
    "calendarYear": "2022",
    "period": "FY",
    "revenue": 24875000000,
    "costOfRevenue": 13670000000,
    "grossProfit": 11205000000,
    "grossProfitRatio": 0.4504522613,
    "researchAndDevelopmentExpenses": 0,
    "generalAndAdministrativeExpenses": 0,
    "sellingAndMarketingExpenses": 0,
    "sellingGeneralAndAdministrativeExpenses": 1288000000,
    "otherExpenses": 1288000000,
    "operatingExpenses": 1288000000,
    "costAndExpenses": 14958000000,
    "interestIncome": 23000000,
    "interestExpense": 1271000000,
    "depreciationAndAmortization": 2293000000,
    "ebitda": 12636000000,
    "ebitdaratio": 0.5079798995,
    "operatingIncome": 9917000000,
    "operatingIncomeRatio": 0.3986733668,
    "totalOtherIncomeExpensesNet": -845000000,
    "incomeBeforeTax": 9072000000,
    "incomeBeforeTaxRatio": 0.3647035176,
    "incomeTaxExpense": 2074000000,
    "netIncome": 6998000000,
    "netIncomeRatio": 0.2813266332,
    "eps": 11.24,
    "epsdiluted": 11.21,
    "weightedAverageShsOut": 622700000,
    "weightedAverageShsOutDil": 624000000,
    "link": "https://www.sec.gov/Archives/edgar/data/100885/000143774923002959/0001437749-23-002959-index.htm",
    "finalLink": "https://www.sec.gov/Archives/edgar/data/100885/000143774923002959/unp20221231_10k.htm"
  },
  {
    "date": "2021-12-31",
    "symbol": "UNP",
    "reportedCurrency": "USD",
    "cik": "0000100885",
    "fillingDate": "2022-02-04",
    "acceptedDate": "2022-02-04 15:59:07",
    "calendarYear": "2021",
    "period": "FY",
    "revenue": 21804000000,
    "costOfRevenue": 11290000000,
    "grossProfit": 10514000000,
    "grossProfitRatio": 0.4822051,
    "researchAndDevelopmentExpenses": 0,
    "generalAndAdministrativeExpenses": 0,
    "sellingAndMarketingExpenses": 0,
    "sellingGeneralAndAdministrativeExpenses": 1176000000,
    "otherExpenses": 1176000000,
    "operatingExpenses": 1176000000,
    "costAndExpenses": 12466000000,
    "interestIncome": 5000000,
    "interestExpense": 1157000000,
    "depreciationAndAmortization": 2208000000,
    "ebitda": 11843000000,
    "ebitdaratio": 0.5431572189,
    "operatingIncome": 9338000000,
    "operatingIncomeRatio": 0.4282700422,
    "totalOtherIncomeExpensesNet": -860000000,
    "incomeBeforeTax": 8478000000,
    "incomeBeforeTaxRatio": 0.388827738,
    "incomeTaxExpense": 1955000000,
    "netIncome": 6523000000,
    "netIncomeRatio": 0.2991652908,
    "eps": 9.98,
    "epsdiluted": 9.95,
    "weightedAverageShsOut": 653800000,
    "weightedAverageShsOutDil": 655400000,
    "link": "https://www.sec.gov/Archives/edgar/data/100885/000143774922002494/0001437749-22-002494-index.htm",
    "finalLink": "https://www.sec.gov/Archives/edgar/data/100885/000143774922002494/unp20211231_10k.htm"
  },
  {
    "date": "2020-12-31",
    "symbol": "UNP",
    "reportedCurrency": "USD",
    "cik": "0000100885",
    "fillingDate": "2021-02-05",
    "acceptedDate": "2021-02-05 16:35:25",
    "calendarYear": "2020",
    "period": "FY",
    "revenue": 19533000000,
    "costOfRevenue": 10354000000,
    "grossProfit": 9179000000,
    "grossProfitRatio": 0.4699226949,
    "researchAndDevelopmentExpenses": 0,
    "generalAndAdministrativeExpenses": 0,
    "sellingAndMarketingExpenses": 0,
    "sellingGeneralAndAdministrativeExpenses": 1576000000,
    "otherExpenses": 1345000000,
    "operatingExpenses": 1345000000,
    "costAndExpenses": 11699000000,
    "interestIncome": 12000000,
    "interestExpense": 1141000000,
    "depreciationAndAmortization": 2210000000,
    "ebitda": 10331000000,
    "ebitdaratio": 0.5288998106,
    "operatingIncome": 7834000000,
    "operatingIncomeRatio": 0.4010648646,
    "totalOtherIncomeExpensesNet": -854000000,
    "incomeBeforeTax": 6980000000,
    "incomeBeforeTaxRatio": 0.357343982,
    "incomeTaxExpense": 1631000000,
    "netIncome": 5349000000,
    "netIncomeRatio": 0.2738442636,
    "eps": 7.9,
    "epsdiluted": 7.88,
    "weightedAverageShsOut": 677300000,
    "weightedAverageShsOutDil": 679100000,
    "link": "https://www.sec.gov/Archives/edgar/data/100885/000010088521000068/0000100885-21-000068-index.htm",
    "finalLink": "https://www.sec.gov/Archives/edgar/data/100885/000010088521000068/unp-20201231x10k.htm"
  },
  {
    "date": "2019-12-31",
    "symbol": "UNP",
    "reportedCurrency": "USD",
    "cik": "0000100885",
    "fillingDate": "2020-02-07",
    "acceptedDate": "2020-02-07 15:35:18",
    "calendarYear": "2019",
    "period": "FY",
    "revenue": 21708000000,
    "costOfRevenue": 12094000000,
    "grossProfit": 9614000000,
    "grossProfitRatio": 0.4428782016,
    "researchAndDevelopmentExpenses": 0,
    "generalAndAdministrativeExpenses": 0,
    "sellingAndMarketingExpenses": 0,
    "sellingGeneralAndAdministrativeExpenses": 1275000000,
    "otherExpenses": 1060000000,
    "operatingExpenses": 1060000000,
    "costAndExpenses": 13154000000,
    "interestIncome": 63000000,
    "interestExpense": 1050000000,
    "depreciationAndAmortization": 2216000000,
    "ebitda": 11013000000,
    "ebitdaratio": 0.5073244887,
    "operatingIncome": 8554000000,
    "operatingIncomeRatio": 0.3940482771,
    "totalOtherIncomeExpensesNet": -807000000,
    "incomeBeforeTax": 7747000000,
    "incomeBeforeTaxRatio": 0.3568730422,
    "incomeTaxExpense": 1828000000,
    "netIncome": 5919000000,
    "netIncomeRatio": 0.2726644555,
    "eps": 8.41,
    "epsdiluted": 8.38,
    "weightedAverageShsOut": 703500000,
    "weightedAverageShsOutDil": 706100000,
    "link": "https://www.sec.gov/Archives/edgar/data/100885/000010088520000065/0000100885-20-000065-index.htm",
    "finalLink": "https://www.sec.gov/Archives/edgar/data/100885/000010088520000065/unp-20191231x10k.htm"
  },
  {
    "date": "2018-12-31",
    "symbol": "UNP",
    "reportedCurrency": "USD",
    "cik": "0000100885",
    "fillingDate": "2019-02-08",
    "acceptedDate": "2019-02-08 14:28:23",
    "calendarYear": "2018",
    "period": "FY",
    "revenue": 22832000000,
    "costOfRevenue": 13293000000,
    "grossProfit": 9539000000,
    "grossProfitRatio": 0.4177908199,
    "researchAndDevelopmentExpenses": 0,
    "generalAndAdministrativeExpenses": 0,
    "sellingAndMarketingExpenses": 0,
    "sellingGeneralAndAdministrativeExpenses": 1224000000,
    "otherExpenses": 94000000,
    "operatingExpenses": 1022000000,
    "costAndExpenses": 14315000000,
    "interestIncome": 30000000,
    "interestExpense": 870000000,
    "depreciationAndAmortization": 2191000000,
    "ebitda": 10802000000,
    "ebitdaratio": 0.4731079187,
    "operatingIncome": 8517000000,
    "operatingIncomeRatio": 0.373029082,
    "totalOtherIncomeExpensesNet": -776000000,
    "incomeBeforeTax": 7741000000,
    "incomeBeforeTaxRatio": 0.3390416959,
    "incomeTaxExpense": 1775000000,
    "netIncome": 5966000000,
    "netIncomeRatio": 0.2612999299,
    "eps": 7.95,
    "epsdiluted": 7.91,
    "weightedAverageShsOut": 750900000,
    "weightedAverageShsOutDil": 754300000,
    "link": "https://www.sec.gov/Archives/edgar/data/100885/000010088519000060/0000100885-19-000060-index.htm",
    "finalLink": "https://www.sec.gov/Archives/edgar/data/100885/000010088519000060/unp-20181231x10k.htm"
  },
  {
    "date": "2017-12-31",
    "symbol": "UNP",
    "reportedCurrency": "USD",
    "cik": "0000100885",
    "fillingDate": "2018-02-09",
    "acceptedDate": "2018-02-09 14:32:01",
    "calendarYear": "2017",
    "period": "FY",
    "revenue": 21240000000,
    "costOfRevenue": 12231000000,
    "grossProfit": 9009000000,
    "grossProfitRatio": 0.4241525424,
    "researchAndDevelopmentExpenses": 0,
    "generalAndAdministrativeExpenses": 0,
    "sellingAndMarketingExpenses": 0,
    "sellingGeneralAndAdministrativeExpenses": 1115000000,
    "otherExpenses": 290000000,
    "operatingExpenses": 948000000,
    "costAndExpenses": 13179000000,
    "interestIncome": 16000000,
    "interestExpense": 719000000,
    "depreciationAndAmortization": 2105000000,
    "ebitda": 10456000000,
    "ebitdaratio": 0.4922787194,
    "operatingIncome": 8061000000,
    "operatingIncomeRatio": 0.379519774,
    "totalOtherIncomeExpensesNet": -474000000,
    "incomeBeforeTax": 7632000000,
    "incomeBeforeTaxRatio": 0.3593220339,
    "incomeTaxExpense": -3080000000,
    "netIncome": 10712000000,
    "netIncomeRatio": 0.5043314501,
    "eps": 13.42,
    "epsdiluted": 13.36,
    "weightedAverageShsOut": 798400000,
    "weightedAverageShsOutDil": 801700000,
    "link": "https://www.sec.gov/Archives/edgar/data/100885/000010088518000048/0000100885-18-000048-index.htm",
    "finalLink": "https://www.sec.gov/Archives/edgar/data/100885/000010088518000048/unp-20171231x10k.htm"
  },
  {
    "date": "2016-12-31",
    "symbol": "UNP",
    "reportedCurrency": "USD",
    "cik": "0000100885",
    "fillingDate": "2017-02-03",
    "acceptedDate": "2017-02-03 16:13:15",
    "calendarYear": "2016",
    "period": "FY",
    "revenue": 19941000000,
    "costOfRevenue": 11672000000,
    "grossProfit": 8269000000,
    "grossProfitRatio": 0.4146732862,
    "researchAndDevelopmentExpenses": 0,
    "generalAndAdministrativeExpenses": 0,
    "sellingAndMarketingExpenses": 0,
    "sellingGeneralAndAdministrativeExpenses": 997000000,
    "otherExpenses": 192000000,
    "operatingExpenses": 997000000,
    "costAndExpenses": 12669000000,
    "interestIncome": 11000000,
    "interestExpense": 698000000,
    "depreciationAndAmortization": 2038000000,
    "ebitda": 9502000000,
    "ebitdaratio": 0.4765056918,
    "operatingIncome": 7272000000,
    "operatingIncomeRatio": 0.3646757936,
    "totalOtherIncomeExpensesNet": -477000000,
    "incomeBeforeTax": 6766000000,
    "incomeBeforeTaxRatio": 0.3393009378,
    "incomeTaxExpense": 2533000000,
    "netIncome": 4233000000,
    "netIncomeRatio": 0.2122762148,
    "eps": 5.09,
    "epsdiluted": 5.07,
    "weightedAverageShsOut": 832400000,
    "weightedAverageShsOutDil": 835400000,
    "link": "https://www.sec.gov/Archives/edgar/data/100885/000010088517000056/0000100885-17-000056-index.htm",
    "finalLink": "https://www.sec.gov/Archives/edgar/data/100885/000010088517000056/unp-20161231x10k.htm"
  },
  {
    "date": "2015-12-31",
    "symbol": "UNP",
    "reportedCurrency": "USD",
    "cik": "0000100885",
    "fillingDate": "2016-02-05",
    "acceptedDate": "2016-02-05 13:24:19",
    "calendarYear": "2015",
    "period": "FY",
    "revenue": 21813000000,
    "costOfRevenue": 12837000000,
    "grossProfit": 8976000000,
    "grossProfitRatio": 0.4114977307,
    "researchAndDevelopmentExpenses": 0,
    "generalAndAdministrativeExpenses": 0,
    "sellingAndMarketingExpenses": 0,
    "sellingGeneralAndAdministrativeExpenses": 0,
    "otherExpenses": 226000000,
    "operatingExpenses": 924000000,
    "costAndExpenses": 13761000000,
    "interestIncome": 5000000,
    "interestExpense": 622000000,
    "depreciationAndAmortization": 2012000000,
    "ebitda": 10290000000,
    "ebitdaratio": 0.4717370375,
    "operatingIncome": 8052000000,
    "operatingIncomeRatio": 0.3691376702,
    "totalOtherIncomeExpensesNet": -396000000,
    "incomeBeforeTax": 7656000000,
    "incomeBeforeTaxRatio": 0.3509833585,
    "incomeTaxExpense": 2884000000,
    "netIncome": 4772000000,
    "netIncomeRatio": 0.2187686242,
    "eps": 5.51,
    "epsdiluted": 5.49,
    "weightedAverageShsOut": 866200000,
    "weightedAverageShsOutDil": 869400000,
    "link": "https://www.sec.gov/Archives/edgar/data/100885/000010088516000260/0000100885-16-000260-index.htm",
    "finalLink": "https://www.sec.gov/Archives/edgar/data/100885/000010088516000260/unp-20151231x10k.htm"
  }
]