[
  {
    "date": "2024-12-31",
    "symbol": "UNP",
    "reportedCurrency": "USD",
    "cik": "0000100885",
    "fillingDate": "2025-02-07",
    "acceptedDate": "2025-02-07 12:12:07",
    "calendarYear": "2024",
    "period": "Q4",
    "revenue": 6121000000,
    "costOfRevenue": 3315000000,
    "grossProfit": 2806000000,
    "grossProfitRatio": 0.4584218265,
    "researchAndDevelopmentExpenses": 0,
    "generalAndAdministrativeExpenses": 0,
    "sellingAndMarketingExpenses": 0,
    "sellingGeneralAndAdministrativeExpenses": 281000000,
    "otherExpenses": 0,
    "operatingExpenses": 281000000,
    "costAndExpenses": 3596000000,
    "interestIncome": 0,
    "interestExpense": 312000000,
    "depreciationAndAmortization": 606000000,
    "ebitda": 3199000000,
    "ebitdaratio": 0.5226270217,
    "operatingIncome": 2525000000,
    "operatingIncomeRatio": 0.412514295,
    "totalOtherIncomeExpensesNet": -244000000,
    "incomeBeforeTax": 2281000000,
    "incomeBeforeTaxRatio": 0.3726515275,
    "incomeTaxExpense": 519000000,
    "netIncome": 1762000000,
    "netIncomeRatio": 0.2878614605,
    "eps": 2.92,
    "epsdiluted": 2.91,
    "weightedAverageShsOut": 604200000,
    "weightedAverageShsOutDil": 605200000,
    "link": "https://www.sec.gov/Archives/edgar/data/100885/000010088525000042/0000100885-25-000042-index.htm",
    "finalLink": "https://www.sec.gov/Archives/edgar/data/100885/000010088525000042/unp-20241231.htm"
  },
  {
    "date": "2024-09-30",
    "symbol": "UNP",
    "reportedCurrency": "USD",
    "cik": "0000100885",
    "fillingDate": "2024-10-24",
    "acceptedDate": "2024-10-24 15:20:00",
    "calendarYear": "2024",
    "period": "Q3",
    "revenue": 6091000000,
    "costOfRevenue": 3321000000,
    "grossProfit": 2770000000,
    "grossProfitRatio": 0.4547693318,
    "researchAndDevelopmentExpenses": 0,
    "generalAndAdministrativeExpenses": 0,
    "sellingAndMarketingExpenses": 0,
    "sellingGeneralAndAdministrativeExpenses": 354000000,
    "otherExpenses": 0,
    "operatingExpenses": 354000000,
    "costAndExpenses": 3682000000,
    "interestIncome": 0,
    "interestExpense": 314000000,
    "depreciationAndAmortization": 609000000,
    "ebitda": 3112000000,
    "ebitdaratio": 0.5109177475,
    "operatingIncome": 2409000000,
    "operatingIncomeRatio": 0.3955015597,
    "totalOtherIncomeExpensesNet": -220000000,
    "incomeBeforeTax": 2189000000,
    "incomeBeforeTaxRatio": 0.3593826958,
    "incomeTaxExpense": 518000000,
    "netIncome": 1671000000,
    "netIncomeRatio": 0.274339189,
    "eps": 2.75,
    "epsdiluted": 2.75,
    "weightedAverageShsOut": 607600000,
    "weightedAverageShsOutDil": 608600000,
    "link": "https://www.sec.gov/Archives/edgar/data/100885/000143774924032008/0001437749-24-032008-index.htm",
    "finalLink": "https://www.sec.gov/Archives/edgar/data/100885/000143774924032008/unp20240930_10q.htm"
  },
  {
    "date": "2024-06-30",
    "symbol": "UNP",
    "reportedCurrency": "USD",
    "cik": "0000100885",
    "fillingDate": "2024-07-25",
    "acceptedDate": "2024-07-25 15:28:33",
    "calendarYear": "2024",
    "period": "Q2",
    "revenue": 6007000000,
    "costOfRevenue": 3279000000,
    "grossProfit": 2728000000,
    "grossProfitRatio": 0.4541368404,
    "researchAndDevelopmentExpenses": 0,
    "generalAndAdministrativeExpenses": 0,
    "sellingAndMarketingExpenses": 0,
    "sellingGeneralAndAdministrativeExpenses": 336000000,
    "otherExpenses": 22000000,
    "operatingExpenses": 336000000,
    "costAndExpenses": 3615000000,
    "interestIncome": 24000000,
    "interestExpense": 319000000,
    "depreciationAndAmortization": 604000000,
    "ebitda": 3107000000,
    "ebitdaratio": 0.5172298985,
    "operatingIncome": 2392000000,
    "operatingIncomeRatio": 0.3982020976,
    "totalOtherIncomeExpensesNet": -208000000,
    "incomeBeforeTax": 2184000000,
    "incomeBeforeTaxRatio": 0.3635758282,
    "incomeTaxExpense": 511000000,
    "netIncome": 1673000000,
    "netIncomeRatio": 0.2785084069,
    "eps": 2.75,
    "epsdiluted": 2.74,
    "weightedAverageShsOut": 609400000,
    "weightedAverageShsOutDil": 610300000,
    "link": "https://www.sec.gov/Archives/edgar/data/100885/000143774924023463/0001437749-24-023463-index.htm",
    "finalLink": "https://www.sec.gov/Archives/edgar/data/100885/000143774924023463/unp20240630c_10q.htm"
  },
  {
    "date": "2024-03-31",
    "symbol": "UNP",
    "reportedCurrency": "USD",
    "cik": "0000100885",
    "fillingDate": "2024-04-25",
    "acceptedDate": "2024-04-25 15:29:46",
    "calendarYear": "2024",
    "period": "Q1",
    "revenue": 6031000000,
    "costOfRevenue": 3310000000,
    "grossProfit": 2721000000,
    "grossProfitRatio": 0.4511689604,
    "researchAndDevelopmentExpenses": 0,
    "generalAndAdministrativeExpenses": -15000000,
    "sellingAndMarketingExpenses": 370000000,
    "sellingGeneralAndAdministrativeExpenses": 355000000,
    "otherExpenses": 12000000,
    "operatingExpenses": 355000000,
    "costAndExpenses": 3665000000,
    "interestIncome": 0,
    "interestExpense": 324000000,
    "depreciationAndAmortization": 600000000,
    "ebitda": 3064000000,
    "ebitdaratio": 0.5080417841,
    "operatingIncome": 2366000000,
    "operatingIncomeRatio": 0.3923064168,
    "totalOtherIncomeExpensesNet": -232000000,
    "incomeBeforeTax": 2140000000,
    "incomeBeforeTaxRatio": 0.354833361,
    "incomeTaxExpense": 499000000,
    "netIncome": 1641000000,
    "netIncomeRatio": 0.2720941801,
    "eps": 2.69,
    "epsdiluted": 2.69,
    "weightedAverageShsOut": 609200000,
    "weightedAverageShsOutDil": 610200000,
    "link": "https://www.sec.gov/Archives/edgar/data/100885/000143774924013206/0001437749-24-013206-index.htm",
    "finalLink": "https://www.sec.gov/Archives/edgar/data/100885/000143774924013206/unp20240331_10q.htm"
  },
  {
    "date": "2023-12-31",
    "symbol": "UNP",
    "reportedCurrency": "USD",
    "cik": "0000100885",
    "fillingDate": "2024-02-09",
    "acceptedDate": "2024-02-09 13:56:24",
    "calendarYear": "2023",
    "period": "Q4",
    "revenue": 6159000000,
    "costOfRevenue": 3391000000,
    "grossProfit": 2768000000,
    "grossProfitRatio": 0.4494236077,
    "researchAndDevelopmentExpenses": 0,
    "generalAndAdministrativeExpenses": 0,
    "sellingAndMarketingExpenses": 0,
    "sellingGeneralAndAdministrativeExpenses": 361000000,
    "otherExpenses": -23000000,
    "operatingExpenses": 361000000,
    "costAndExpenses": 3752000000,
    "interestIncome": 52000000,
    "interestExpense": 331000000,
    "depreciationAndAmortization": 595000000,
    "ebitda": 3110000000,
    "ebitdaratio": 0.5049521026,
    "operatingIncome": 2407000000,
    "operatingIncomeRatio": 0.3908101965,
    "totalOtherIncomeExpensesNet": -223000000,
    "incomeBeforeTax": 2184000000,
    "incomeBeforeTaxRatio": 0.35460302,
    "incomeTaxExpense": 532000000,
    "netIncome": 1652000000,
    "netIncomeRatio": 0.2682253613,
    "eps": 2.71,
    "epsdiluted": 2.71,
    "weightedAverageShsOut": 608900000,
    "weightedAverageShsOutDil": 609900000,
    "link": "https://www.sec.gov/Archives/edgar/data/100885/000143774924003599/0001437749-24-003599-index.htm",
    "finalLink": "https://www.sec.gov/Archives/edgar/data/100885/000143774924003599/unp20231231_10k.htm"
  },
  {
    "date": "2023-09-30",
    "symbol": "UNP",
    "reportedCurrency": "USD",
    "cik": "0000100885",
    "fillingDate": "2023-10-19",
    "acceptedDate": "2023-10-19 15:28:18",
    "calendarYear": "2023",
    "period": "Q3",
    "revenue": 5941000000,
    "costOfRevenue": 3386000000,
    "grossProfit": 2555000000,
    "grossProfitRatio": 0.4300622791,
    "researchAndDevelopmentExpenses": 0,
    "generalAndAdministrativeExpenses": 0,
    "sellingAndMarketingExpenses": 0,
    "sellingGeneralAndAdministrativeExpenses": 378000000,
    "otherExpenses": 16000000,
    "operatingExpenses": 378000000,
    "costAndExpenses": 3764000000,
    "interestIncome": 334000000,
    "interestExpense": 334000000,
    "depreciationAndAmortization": 589000000,
    "ebitda": 2872000000,
    "ebitdaratio": 0.4834202996,
    "operatingIncome": 2177000000,
    "operatingIncomeRatio": 0.3664366268,
    "totalOtherIncomeExpensesNet": -228000000,
    "incomeBeforeTax": 1949000000,
    "incomeBeforeTaxRatio": 0.3280592493,
    "incomeTaxExpense": 421000000,
    "netIncome": 1528000000,
    "netIncomeRatio": 0.2571957583,
    "eps": 2.51,
    "epsdiluted": 2.51,
    "weightedAverageShsOut": 608700000,
    "weightedAverageShsOutDil": 609800000,
    "link": "https://www.sec.gov/Archives/edgar/data/100885/000143774923028607/0001437749-23-028607-index.htm",
    "finalLink": "https://www.sec.gov/Archives/edgar/data/100885/000143774923028607/unp20230930_10q.htm"
  },
  {
    "date": "2023-06-30",
    "symbol": "UNP",
    "reportedCurrency": "USD",
    "cik": "0000100885",
    "fillingDate": "2023-07-26",
    "acceptedDate": "2023-07-26 15:12:02",
    "calendarYear": "2023",
    "period": "Q2",
    "revenue": 5963000000,
    "costOfRevenue": 3408000000,
    "grossProfit": 2555000000,
    "grossProfitRatio": 0.4284755995,
    "researchAndDevelopmentExpenses": 0,
    "generalAndAdministrativeExpenses": 0,
    "sellingAndMarketingExpenses": 0,
    "sellingGeneralAndAdministrativeExpenses": 351000000,
    "otherExpenses": 351000000,
    "operatingExpenses": 351000000,
    "costAndExpenses": 3759000000,
    "interestIncome": 339000000,
    "interestExpense": 339000000,
    "depreciationAndAmortization": 580000000,
    "ebitda": 2877000000,
    "ebitdaratio": 0.4824752641,
    "operatingIncome": 2204000000,
    "operatingIncomeRatio": 0.3696126111,
    "totalOtherIncomeExpensesNet": -246000000,
    "incomeBeforeTax": 1958000000,
    "incomeBeforeTaxRatio": 0.328358209,
    "incomeTaxExpense": 389000000,
    "netIncome": 1569000000,
    "netIncomeRatio": 0.2631225893,
    "eps": 2.58,
    "epsdiluted": 2.57,
    "weightedAverageShsOut": 608700000,
    "weightedAverageShsOutDil": 609500000,
    "link": "https://www.sec.gov/Archives/edgar/data/100885/000143774923020699/0001437749-23-020699-index.htm",
    "finalLink": "https://www.sec.gov/Archives/edgar/data/100885/000143774923020699/unp20230630_10q.htm"
  },
  {
    "date": "2023-03-31",
    "symbol": "UNP",
    "reportedCurrency": "USD",
    "cik": "0000100885",
    "fillingDate": "2023-04-20",
    "acceptedDate": "2023-04-20 15:14:35",
    "calendarYear": "2023",
    "period": "Q1",
    "revenue": 6056000000,
    "costOfRevenue": 3405000000,
    "grossProfit": 2651000000,
    "grossProfitRatio": 0.4377476882,
    "researchAndDevelopmentExpenses": 0,
    "generalAndAdministrativeExpenses": -14000000,
    "sellingAndMarketingExpenses": 371000000,
    "sellingGeneralAndAdministrativeExpenses": 357000000,
    "otherExpenses": 357000000,
    "operatingExpenses": 357000000,
    "costAndExpenses": 3762000000,
    "interestIncome": 336000000,
    "interestExpense": 336000000,
    "depreciationAndAmortization": 591000000,
    "ebitda": 3069000000,
    "ebitdaratio": 0.5067701453,
    "operatingIncome": 2294000000,
    "operatingIncomeRatio": 0.3787978864,
    "totalOtherIncomeExpensesNet": -152000000,
    "incomeBeforeTax": 2142000000,
    "incomeBeforeTaxRatio": 0.3536988111,
    "incomeTaxExpense": 512000000,
    "netIncome": 1630000000,
    "netIncomeRatio": 0.2691545575,
    "eps": 2.67,
    "epsdiluted": 2.67,
    "weightedAverageShsOut": 610600000,
    "weightedAverageShsOutDil": 611500000,
    "link": "https://www.sec.gov/Archives/edgar/data/100885/000143774923010730/0001437749-23-010730-index.htm",
    "finalLink": "https://www.sec.gov/Archives/edgar/data/100885/000143774923010730/unp20230331b_10q.htm"
  },
  {
    "date": "2022-12-31",
    "symbol": "UNP",
    "reportedCurrency": "USD",
    "cik": "0000100885",
    "fillingDate": "2023-02-10",
    "acceptedDate": "2023-02-10 09:42:02",
    "calendarYear": "2022",
    "period": "Q4",
    "revenue": 6180000000,
    "costOfRevenue": 3467000000,
    "grossProfit": 2713000000,
    "grossProfitRatio": 0.4389967638,
    "researchAndDevelopmentExpenses": 0,
    "generalAndAdministrativeExpenses": 0,
    "sellingAndMarketingExpenses": 0,
    "sellingGeneralAndAdministrativeExpenses": 301000000,
    "otherExpenses": 301000000,
    "operatingExpenses": 301000000,
    "costAndExpenses": 3768000000,
    "interestIncome": 333000000,
    "interestExpense": 333000000,
    "depreciationAndAmortization": 585000000,
    "ebitda": 3089000000,
    "ebitdaratio": 0.4998381877,
    "operatingIncome": 2412000000,
    "operatingIncomeRatio": 0.3902912621,
    "totalOtherIncomeExpensesNet": -241000000,
    "incomeBeforeTax": 2171000000,
    "incomeBeforeTaxRatio": 0.3512944984,
    "incomeTaxExpense": 533000000,
    "netIncome": 1638000000,
    "netIncomeRatio": 0.2650485437,
    "eps": 2.67,
    "epsdiluted": 2.67,
    "weightedAverageShsOut": 612700000,
    "weightedAverageShsOutDil": 613700000,
    "link": "https://www.sec.gov/Archives/edgar/data/100885/000143774923002959/0001437749-23-002959-index.htm",
    "finalLink": "https://www.sec.gov/Archives/edgar/data/100885/000143774923002959/unp20221231_10k.htm"
  },
  {
    "date": "2022-09-30",
    "symbol": "UNP",
    "reportedCurrency": "USD",
    "cik": "0000100885",
    "fillingDate": "2022-10-20",
    "acceptedDate": "2022-10-20 15:36:35",
    "calendarYear": "2022",
    "period": "Q3",
    "revenue": 6566000000,
    "costOfRevenue": 3614000000,
    "grossProfit": 2952000000,
    "grossProfitRatio": 0.4495887907,
    "researchAndDevelopmentExpenses": 0,
    "generalAndAdministrativeExpenses": 0,
    "sellingAndMarketingExpenses": 0,
    "sellingGeneralAndAdministrativeExpenses": 319000000,
    "otherExpenses": 319000000,
    "operatingExpenses": 319000000,
    "costAndExpenses": 3933000000,
    "interestIncome": 315000000,
    "interestExpense": 315000000,
    "depreciationAndAmortization": 563000000,
    "ebitda": 3218000000,
    "ebitdaratio": 0.4901005178,
    "operatingIncome": 2633000000,
    "operatingIncomeRatio": 0.4010051782,
    "totalOtherIncomeExpensesNet": -191000000,
    "incomeBeforeTax": 2442000000,
    "incomeBeforeTaxRatio": 0.3719159306,
    "incomeTaxExpense": 547000000,
    "netIncome": 1895000000,
    "netIncomeRatio": 0.2886079805,
    "eps": 3.05,
    "epsdiluted": 3.05,
    "weightedAverageShsOut": 620400000,
    "weightedAverageShsOutDil": 621500000,
    "link": "https://www.sec.gov/Archives/edgar/data/100885/000143774922024458/0001437749-22-024458-index.htm",
    "finalLink": "https://www.sec.gov/Archives/edgar/data/100885/000143774922024458/unp20220930_10q.htm"
  },
  {
    "date": "2022-06-30",
    "symbol": "UNP",
    "reportedCurrency": "USD",
    "cik": "0000100885",
    "fillingDate": "2022-07-21",
    "acceptedDate": "2022-07-21 15:22:01",
    "calendarYear": "2022",
    "period": "Q2",
    "revenue": 6269000000,
    "costOfRevenue": 3443000000,
    "grossProfit": 2826000000,
    "grossProfitRatio": 0.4507895996,
    "researchAndDevelopmentExpenses": 0,
    "generalAndAdministrativeExpenses": 0,
    "sellingAndMarketingExpenses": 0,
    "sellingGeneralAndAdministrativeExpenses": 331000000,
    "otherExpenses": 331000000,
    "operatingExpenses": 331000000,
    "costAndExpenses": 3774000000,
    "interestIncome": 0,
    "interestExpense": 316000000,
    "depreciationAndAmortization": 559000000,
    "ebitda": 3075000000,
    "ebitdaratio": 0.4905088531,
    "operatingIncome": 2495000000,
    "operatingIncomeRatio": 0.3979901101,
    "totalOtherIncomeExpensesNet": -153000000,
    "incomeBeforeTax": 2342000000,
    "incomeBeforeTaxRatio": 0.3735843037,
    "incomeTaxExpense": 507000000,
    "netIncome": 1835000000,
    "netIncomeRatio": 0.2927101611,
    "eps": 2.93,
    "epsdiluted": 2.93,
    "weightedAverageShsOut": 625600000,
    "weightedAverageShsOutDil": 626800000,
    "link": "https://www.sec.gov/Archives/edgar/data/100885/000143774922017515/0001437749-22-017515-index.htm",
    "finalLink": "https://www.sec.gov/Archives/edgar/data/100885/000143774922017515/unp20220525_10q.htm"
  },
  {
    "date": "2022-03-31",
    "symbol": "UNP",
    "reportedCurrency": "USD",
    "cik": "0000100885",
    "fillingDate": "2022-04-21",
    "acceptedDate": "2022-04-21 15:12:33",
    "calendarYear": "2022",
    "period": "Q1",
    "revenue": 5860000000,
    "costOfRevenue": 3146000000,
    "grossProfit": 2714000000,
    "grossProfitRatio": 0.4631399317,
    "researchAndDevelopmentExpenses": 0,
    "generalAndAdministrativeExpenses": 0,
    "sellingAndMarketingExpenses": 0,
    "sellingGeneralAndAdministrativeExpenses": 337000000,
    "otherExpenses": 337000000,
    "operatingExpenses": 337000000,
    "costAndExpenses": 3483000000,
    "interestIncome": 0,
    "interestExpense": 307000000,
    "depreciationAndAmortization": 555000000,
    "ebitda": 2979000000,
    "ebitdaratio": 0.5083617747,
    "operatingIncome": 2377000000,
    "operatingIncomeRatio": 0.4056313993,
    "totalOtherIncomeExpensesNet": -260000000,
    "incomeBeforeTax": 2117000000,
    "incomeBeforeTaxRatio": 0.3612627986,
    "incomeTaxExpense": 487000000,
    "netIncome": 1630000000,
    "netIncomeRatio": 0.2781569966,
    "eps": 2.58,
    "epsdiluted": 2.57,
    "weightedAverageShsOut": 632200000,
    "weightedAverageShsOutDil": 633600000,
    "link": "https://www.sec.gov/Archives/edgar/data/100885/000143774922009414/0001437749-22-009414-index.htm",
    "finalLink": "https://www.sec.gov/Archives/edgar/data/100885/000143774922009414/unp20220331_10q.htm"
  },
  {
    "date": "2021-12-31",
    "symbol": "UNP",
    "reportedCurrency": "USD",
    "cik": "0000100885",
    "fillingDate": "2022-02-04",
    "acceptedDate": "2022-02-04 15:59:07",
    "calendarYear": "2021",
    "period": "Q4",
    "revenue": 5733000000,
    "costOfRevenue": 2991000000,
    "grossProfit": 2742000000,
    "grossProfitRatio": 0.4782836211,
    "researchAndDevelopmentExpenses": 0,
    "generalAndAdministrativeExpenses": 0,
    "sellingAndMarketingExpenses": 0,
    "sellingGeneralAndAdministrativeExpenses": 302000000,
    "otherExpenses": 302000000,
    "operatingExpenses": 302000000,
    "costAndExpenses": 3293000000,
    "interestIncome": 1000000,
    "interestExpense": 295000000,
    "depreciationAndAmortization": 556000000,
    "ebitda": 2953000000,
    "ebitdaratio": 0.5150880865,
    "operatingIncome": 2440000000,
    "operatingIncomeRatio": 0.4256061399,
    "totalOtherIncomeExpensesNet": -212000000,
    "incomeBeforeTax": 2228000000,
    "incomeBeforeTaxRatio": 0.3886272458,
    "incomeTaxExpense": 517000000,
    "netIncome": 1711000000,
    "netIncomeRatio": 0.2984475842,
    "eps": 2.67,
    "epsdiluted": 2.66,
    "weightedAverageShsOut": 640400000,
    "weightedAverageShsOutDil": 642100000,
    "link": "https://www.sec.gov/Archives/edgar/data/100885/000143774922002494/0001437749-22-002494-index.htm",
    "finalLink": "https://www.sec.gov/Archives/edgar/data/100885/000143774922002494/unp20211231_10k.htm"
  },
  {
    "date": "2021-09-30",
    "symbol": "UNP",
    "reportedCurrency": "USD",
    "cik": "0000100885",
    "fillingDate": "2021-10-21",
    "acceptedDate": "2021-10-21 15:28:25",
    "calendarYear": "2021",
    "period": "Q3",
    "revenue": 5566000000,
    "costOfRevenue": 2864000000,
    "grossProfit": 2702000000,
    "grossProfitRatio": 0.485447359,
    "researchAndDevelopmentExpenses": 0,
    "generalAndAdministrativeExpenses": 0,
    "sellingAndMarketingExpenses": 0,
    "sellingGeneralAndAdministrativeExpenses": 270000000,
    "otherExpenses": 36000000,
    "operatingExpenses": 270000000,
    "costAndExpenses": 3134000000,
    "interestIncome": 2000000,
    "interestExpense": 290000000,
    "depreciationAndAmortization": 553000000,
    "ebitda": 3023000000,
    "ebitdaratio": 0.5431189364,
    "operatingIncome": 2432000000,
    "operatingIncomeRatio": 0.4369385555,
    "totalOtherIncomeExpensesNet": -252000000,
    "incomeBeforeTax": 2180000000,
    "incomeBeforeTaxRatio": 0.3916636723,
    "incomeTaxExpense": 507000000,
    "netIncome": 1673000000,
    "netIncomeRatio": 0.3005749192,
    "eps": 2.58,
    "epsdiluted": 2.57,
    "weightedAverageShsOut": 648700000,
    "weightedAverageShsOutDil": 650300000,
    "link": "https://www.sec.gov/Archives/edgar/data/100885/000010088521000353/0000100885-21-000353-index.htm",
    "finalLink": "https://www.sec.gov/Archives/edgar/data/100885/000010088521000353/unp-20210930x10q.htm"
  },
  {
    "date": "2021-06-30",
    "symbol": "UNP",
    "reportedCurrency": "USD",
    "cik": "0000100885",
    "fillingDate": "2021-07-22",
    "acceptedDate": "2021-07-22 15:18:15",
    "calendarYear": "2021",
    "period": "Q2",
    "revenue": 5504000000,
    "costOfRevenue": 2747000000,
    "grossProfit": 2757000000,
    "grossProfitRatio": 0.5009084302,
    "researchAndDevelopmentExpenses": 0,
    "generalAndAdministrativeExpenses": 0,
    "sellingAndMarketingExpenses": 0,
    "sellingGeneralAndAdministrativeExpenses": 284000000,
    "otherExpenses": 125000000,
    "operatingExpenses": 284000000,
    "costAndExpenses": 3031000000,
    "interestIncome": 1000000,
    "interestExpense": 282000000,
    "depreciationAndAmortization": 550000000,
    "ebitda": 3029000000,
    "ebitdaratio": 0.5503270349,
    "operatingIncome": 2473000000,
    "operatingIncomeRatio": 0.449309593,
    "totalOtherIncomeExpensesNet": -157000000,
    "incomeBeforeTax": 2316000000,
    "incomeBeforeTaxRatio": 0.4207848837,
    "incomeTaxExpense": 518000000,
    "netIncome": 1798000000,
    "netIncomeRatio": 0.3266715116,
    "eps": 2.73,
    "epsdiluted": 2.72,
    "weightedAverageShsOut": 658500000,
    "weightedAverageShsOutDil": 660100000,
    "link": "https://www.sec.gov/Archives/edgar/data/100885/000010088521000250/0000100885-21-000250-index.htm",
    "finalLink": "https://www.sec.gov/Archives/edgar/data/100885/000010088521000250/unp-20210630x10q.htm"
  },
  {
    "date": "2021-03-31",
    "symbol": "UNP",
    "reportedCurrency": "USD",
    "cik": "0000100885",
    "fillingDate": "2021-04-22",
    "acceptedDate": "2021-04-22 15:44:11",
    "calendarYear": "2021",
    "period": "Q1",
    "revenue": 5001000000,
    "costOfRevenue": 2688000000,
    "grossProfit": 2313000000,
    "grossProfitRatio": 0.4625074985,
    "researchAndDevelopmentExpenses": 0,
    "generalAndAdministrativeExpenses": 0,
    "sellingAndMarketingExpenses": 0,
    "sellingGeneralAndAdministrativeExpenses": 0,
    "otherExpenses": 41000000,
    "operatingExpenses": 320000000,
    "costAndExpenses": 3008000000,
    "interestIncome": 1000000,
    "interestExpense": 290000000,
    "depreciationAndAmortization": 549000000,
    "ebitda": 2547000000,
    "ebitdaratio": 0.5092981404,
    "operatingIncome": 1993000000,
    "operatingIncomeRatio": 0.3985202959,
    "totalOtherIncomeExpensesNet": -239000000,
    "incomeBeforeTax": 1754000000,
    "incomeBeforeTaxRatio": 0.350729854,
    "incomeTaxExpense": 413000000,
    "netIncome": 1341000000,
    "netIncomeRatio": 0.2681463707,
    "eps": 2.01,
    "epsdiluted": 2,
    "weightedAverageShsOut": 667600000,
    "weightedAverageShsOutDil": 669200000,
    "link": "https://www.sec.gov/Archives/edgar/data/100885/000010088521000162/0000100885-21-000162-index.htm",
    "finalLink": "https://www.sec.gov/Archives/edgar/data/100885/000010088521000162/unp-20210331x10q.htm"
  },
  {
    "date": "2020-12-31",
    "symbol": "UNP",
    "reportedCurrency": "USD",
    "cik": "0000100885",
    "fillingDate": "2021-02-05",
    "acceptedDate": "2021-02-05 16:35:25",
    "calendarYear": "2020",
    "period": "Q4",
    "revenue": 5141000000,
    "costOfRevenue": 2622000000,
    "grossProfit": 2519000000,
    "grossProfitRatio": 0.4899824937,
    "researchAndDevelopmentExpenses": 0,
    "generalAndAdministrativeExpenses": 0,
    "sellingAndMarketingExpenses": 0,
    "sellingGeneralAndAdministrativeExpenses": 0,
    "otherExpenses": 66000000,
    "operatingExpenses": 513000000,
    "costAndExpenses": 3135000000,
    "interestIncome": 1000000,
    "interestExpense": 279000000,
    "depreciationAndAmortization": 557000000,
    "ebitda": 2629000000,
    "ebitdaratio": 0.5113791091,
    "operatingIncome": 2006000000,
    "operatingIncomeRatio": 0.3901964598,
    "totalOtherIncomeExpensesNet": -213000000,
    "incomeBeforeTax": 1793000000,
    "incomeBeforeTaxRatio": 0.3487648317,
    "incomeTaxExpense": 413000000,
    "netIncome": 1380000000,
    "netIncomeRatio": 0.2684302665,
    "eps": 2.05,
    "epsdiluted": 2.05,
    "weightedAverageShsOut": 672200000,
    "weightedAverageShsOutDil": 674100000,
    "link": "https://www.sec.gov/Archives/edgar/data/100885/000010088521000068/0000100885-21-000068-index.htm",
    "finalLink": "https://www.sec.gov/Archives/edgar/data/100885/000010088521000068/unp-20201231x10k.htm"
  },
  {
    "date": "2020-09-30",
    "symbol": "UNP",
    "reportedCurrency": "USD",
    "cik": "0000100885",
    "fillingDate": "2020-10-22",
    "acceptedDate": "2020-10-22 16:12:49",
    "calendarYear": "2020",
    "period": "Q3",
    "revenue": 4919000000,
    "costOfRevenue": 2589000000,
    "grossProfit": 2330000000,
    "grossProfitRatio": 0.4736735109,
    "researchAndDevelopmentExpenses": 0,
    "generalAndAdministrativeExpenses": 0,
    "sellingAndMarketingExpenses": 0,
    "sellingGeneralAndAdministrativeExpenses": 0,
    "otherExpenses": 37000000,
    "operatingExpenses": 299000000,
    "costAndExpenses": 2888000000,
    "interestIncome": 2000000,
    "interestExpense": 295000000,
    "depreciationAndAmortization": 555000000,
    "ebitda": 2598000000,
    "ebitdaratio": 0.5281561293,
    "operatingIncome": 2031000000,
    "operatingIncomeRatio": 0.4128887985,
    "totalOtherIncomeExpensesNet": -258000000,
    "incomeBeforeTax": 1773000000,
    "incomeBeforeTaxRatio": 0.3604391136,
    "incomeTaxExpense": 410000000,
    "netIncome": 1363000000,
    "netIncomeRatio": 0.2770888392,
    "eps": 2.02,
    "epsdiluted": 2.01,
    "weightedAverageShsOut": 675000000,
    "weightedAverageShsOutDil": 676800000,
    "link": "https://www.sec.gov/Archives/edgar/data/100885/000010088520000304/0000100885-20-000304-index.htm",
    "finalLink": "https://www.sec.gov/Archives/edgar/data/100885/000010088520000304/unp-20200930x10q.htm"
  },
  {
    "date": "2020-06-30",
    "symbol": "UNP",
    "reportedCurrency": "USD",
    "cik": "0000100885",
    "fillingDate": "2020-07-23",
    "acceptedDate": "2020-07-23 15:56:05",
    "calendarYear": "2020",
    "period": "Q2",
    "revenue": 4244000000,
    "costOfRevenue": 2355000000,
    "grossProfit": 1889000000,
    "grossProfitRatio": 0.4450989632,
    "researchAndDevelopmentExpenses": 0,
    "generalAndAdministrativeExpenses": 0,
    "sellingAndMarketingExpenses": 0,
    "sellingGeneralAndAdministrativeExpenses": 0,
    "otherExpenses": 45000000,
    "operatingExpenses": 235000000,
    "costAndExpenses": 2590000000,
    "interestIncome": 3000000,
    "interestExpense": 289000000,
    "depreciationAndAmortization": 551000000,
    "ebitda": 2216000000,
    "ebitdaratio": 0.5221489161,
    "operatingIncome": 1654000000,
    "operatingIncomeRatio": 0.389726673,
    "totalOtherIncomeExpensesNet": -158000000,
    "incomeBeforeTax": 1496000000,
    "incomeBeforeTaxRatio": 0.3524976437,
    "incomeTaxExpense": 364000000,
    "netIncome": 1132000000,
    "netIncomeRatio": 0.2667295005,
    "eps": 1.67,
    "epsdiluted": 1.67,
    "weightedAverageShsOut": 677700000,
    "weightedAverageShsOutDil": 679200000,
    "link": "https://www.sec.gov/Archives/edgar/data/100885/000010088520000221/0000100885-20-000221-index.htm",
    "finalLink": "https://www.sec.gov/Archives/edgar/data/100885/000010088520000221/unp-20200630x10q.htm"
  },
  {
    "date": "2020-03-31",
    "symbol": "UNP",
    "reportedCurrency": "USD",
    "cik": "0000100885",
    "fillingDate": "2020-04-23",
    "acceptedDate": "2020-04-23 16:58:23",
    "calendarYear": "2020",
    "period": "Q1",
    "revenue": 5229000000,
    "costOfRevenue": 2788000000,
    "grossProfit": 2441000000,
    "grossProfitRatio": 0.4668196596,
    "researchAndDevelopmentExpenses": 0,
    "generalAndAdministrativeExpenses": 0,
    "sellingAndMarketingExpenses": 0,
    "sellingGeneralAndAdministrativeExpenses": 0,
    "otherExpenses": 36000000,
    "operatingExpenses": 298000000,
    "costAndExpenses": 3086000000,
    "interestIncome": 6000000,
    "interestExpense": 278000000,
    "depreciationAndAmortization": 547000000,
    "ebitda": 2698000000,
    "ebitdaratio": 0.5159686365,
    "operatingIncome": 2143000000,
    "operatingIncomeRatio": 0.4098297954,
    "totalOtherIncomeExpensesNet": -225000000,
    "incomeBeforeTax": 1918000000,
    "incomeBeforeTaxRatio": 0.3668005355,
    "incomeTaxExpense": 444000000,
    "netIncome": 1474000000,
    "netIncomeRatio": 0.2818894626,
    "eps": 2.15,
    "epsdiluted": 2.15,
    "weightedAverageShsOut": 684300000,
    "weightedAverageShsOutDil": 686200000,
    "link": "https://www.sec.gov/Archives/edgar/data/100885/000010088520000143/0000100885-20-000143-index.htm",
    "finalLink": "https://www.sec.gov/Archives/edgar/data/100885/000010088520000143/unp-20200331x10q.htm"
  }
]