[
  {
    "date": "2024-12-31",
    "symbol": "JPM",
    "reportedCurrency": "USD",
    "cik": "0000019617",
    "fillingDate": "2025-02-14",
    "acceptedDate": "2025-02-14 16:17:07",
    "calendarYear": "2024",
    "period": "FY",
    "revenue": 166878000000,
    "costOfRevenue": 0,
    "grossProfit": 166878000000,
    "grossProfitRatio": 1,
    "researchAndDevelopmentExpenses": 0,
    "generalAndAdministrativeExpenses": 20888000000,
    "sellingAndMarketingExpenses": 4974000000,
    "sellingGeneralAndAdministrativeExpenses": 82245000000,
    "otherExpenses": 0,
    "operatingExpenses": 82245000000,
    "costAndExpenses": 82245000000,
    "interestIncome": 0,
    "interestExpense": 0,
    "depreciationAndAmortization": 8812000000,
    "ebitda": 74633000000,
    "ebitdaratio": 0.4472309112,
    "operatingIncome": 84633000000,
    "operatingIncomeRatio": 0.5071549276,
    "totalOtherIncomeExpensesNet": -9552000000,
    "incomeBeforeTax": 75081000000,
    "incomeBeforeTaxRatio": 0.4499155071,
    "incomeTaxExpense": 16610000000,
    "netIncome": 58471000000,
    "netIncomeRatio": 0.350381716,
    "eps": 19.79,
    "epsdiluted": 19.75,
    "weightedAverageShsOut": 2873900000,
    "weightedAverageShsOutDil": 2879000000,
    "link": "https://www.sec.gov/Archives/edgar/data/19617/000001961725000270/0000019617-25-000270-index.htm",
    "finalLink": "https://www.sec.gov/Archives/edgar/data/19617/000001961725000270/jpm-20241231.htm"
  },
  {
    "date": "2023-12-31",
    "symbol": "JPM",
    "reportedCurrency": "USD",
    "cik": "0000019617",
    "fillingDate": "2024-02-16",
    "acceptedDate": "2024-02-16 16:20:22",
    "calendarYear": "2023",
    "period": "FY",
    "revenue": 145670000000,
    "costOfRevenue": 0,
    "grossProfit": 145670000000,
    "grossProfitRatio": 1,
    "researchAndDevelopmentExpenses": 0,
    "generalAndAdministrativeExpenses": 46465000000,
    "sellingAndMarketingExpenses": 4591000000,
    "sellingGeneralAndAdministrativeExpenses": 75127000000,
    "otherExpenses": 0,
    "operatingExpenses": 75127000000,
    "costAndExpenses": 75127000000,
    "interestIncome": 170588000000,
    "interestExpense": 81321000000,
    "depreciationAndAmortization": 7512000000,
    "ebitda": 78055000000,
    "ebitdaratio": 0.5358344203,
    "operatingIncome": 70543000000,
    "operatingIncomeRatio": 0.4842658063,
    "totalOtherIncomeExpensesNet": -8931000000,
    "incomeBeforeTax": 61612000000,
    "incomeBeforeTaxRatio": 0.4229559964,
    "incomeTaxExpense": 12060000000,
    "netIncome": 49552000000,
    "netIncomeRatio": 0.3401661289,
    "eps": 16.25,
    "epsdiluted": 16.23,
    "weightedAverageShsOut": 2938600000,
    "weightedAverageShsOutDil": 2943100000,
    "link": "https://www.sec.gov/Archives/edgar/data/19617/000001961724000225/0000019617-24-000225-index.htm",
    "finalLink": "https://www.sec.gov/Archives/edgar/data/19617/000001961724000225/jpm-20231231.htm"
  },
  {
    "date": "2022-12-31",
    "symbol": "JPM",
    "reportedCurrency": "USD",
    "cik": "0000019617",
    "fillingDate": "2023-02-21",
    "acceptedDate": "2023-02-21 16:13:55",
    "calendarYear": "2022",
    "period": "FY",
    "revenue": 128641000000,
    "costOfRevenue": 0,
    "grossProfit": 128641000000,
    "grossProfitRatio": 1,
    "researchAndDevelopmentExpenses": 0,
    "generalAndAdministrativeExpenses": 41636000000,
    "sellingAndMarketingExpenses": 3911000000,
    "sellingGeneralAndAdministrativeExpenses": 45547000000,
    "otherExpenses": 30593000000,
    "operatingExpenses": 76140000000,
    "costAndExpenses": 76140000000,
    "interestIncome": 92807000000,
    "interestExpense": 26097000000,
    "depreciationAndAmortization": 7051000000,
    "ebitda": 59574000000,
    "ebitdaratio": 0.4631027433,
    "operatingIncome": 52523000000,
    "operatingIncomeRatio": 0.4082912913,
    "totalOtherIncomeExpensesNet": -6357000000,
    "incomeBeforeTax": 46166000000,
    "incomeBeforeTaxRatio": 0.3588746978,
    "incomeTaxExpense": 8490000000,
    "netIncome": 37676000000,
    "netIncomeRatio": 0.2928770765,
    "eps": 12.1,
    "epsdiluted": 12.09,
    "weightedAverageShsOut": 2965800000,
    "weightedAverageShsOutDil": 2970000000,
    "link": "https://www.sec.gov/Archives/edgar/data/19617/000001961723000231/0000019617-23-000231-index.htm",
    "finalLink": "https://www.sec.gov/Archives/edgar/data/19617/000001961723000231/jpm-20221231.htm"
  },
  {
    "date": "2021-12-31",
    "symbol": "JPM",
    "reportedCurrency": "USD",
    "cik": "0000019617",
    "fillingDate": "2022-02-22",
    "acceptedDate": "2022-02-22 16:56:31",
    "calendarYear": "2021",
    "period": "FY",
    "revenue": 121685000000,
    "costOfRevenue": 0,
    "grossProfit": 121685000000,
    "grossProfitRatio": 1,
    "researchAndDevelopmentExpenses": 0,
    "generalAndAdministrativeExpenses": 38567000000,
    "sellingAndMarketingExpenses": 3036000000,
    "sellingGeneralAndAdministrativeExpenses": 41603000000,
    "otherExpenses": 29733000000,
    "operatingExpenses": 71336000000,
    "costAndExpenses": 71336000000,
    "interestIncome": 57864000000,
    "interestExpense": 5553000000,
    "depreciationAndAmortization": 7932000000,
    "ebitda": 72956000000,
    "ebitdaratio": 0.5995480133,
    "operatingIncome": 65024000000,
    "operatingIncomeRatio": 0.5343633151,
    "totalOtherIncomeExpensesNet": -5462000000,
    "incomeBeforeTax": 59562000000,
    "incomeBeforeTaxRatio": 0.4894769281,
    "incomeTaxExpense": 11228000000,
    "netIncome": 48334000000,
    "netIncomeRatio": 0.3972059005,
    "eps": 15.39,
    "epsdiluted": 15.36,
    "weightedAverageShsOut": 3021500000,
    "weightedAverageShsOutDil": 3026600000,
    "link": "https://www.sec.gov/Archives/edgar/data/19617/000001961722000272/0000019617-22-000272-index.htm",
    "finalLink": "https://www.sec.gov/Archives/edgar/data/19617/000001961722000272/jpm-20211231.htm"
  },
  {
    "date": "2020-12-31",
    "symbol": "JPM",
    "reportedCurrency": "USD",
    "cik": "0000019617",
    "fillingDate": "2021-02-23",
    "acceptedDate": "2021-02-23 16:17:29",
    "calendarYear": "2020",
    "period": "FY",
    "revenue": 119883000000,
    "costOfRevenue": 0,
    "grossProfit": 119883000000,
    "grossProfitRatio": 1,
    "researchAndDevelopmentExpenses": 0,
    "generalAndAdministrativeExpenses": 34988000000,
    "sellingAndMarketingExpenses": 2476000000,
    "sellingGeneralAndAdministrativeExpenses": 37464000000,
    "otherExpenses": 29192000000,
    "operatingExpenses": 66656000000,
    "costAndExpenses": 66656000000,
    "interestIncome": 64523000000,
    "interestExpense": 9960000000,
    "depreciationAndAmortization": 8614000000,
    "ebitda": 50370000000,
    "ebitdaratio": 0.4201596557,
    "operatingIncome": 41756000000,
    "operatingIncomeRatio": 0.3483062653,
    "totalOtherIncomeExpensesNet": -5941000000,
    "incomeBeforeTax": 35815000000,
    "incomeBeforeTaxRatio": 0.2987496142,
    "incomeTaxExpense": 6684000000,
    "netIncome": 29131000000,
    "netIncomeRatio": 0.2429952537,
    "eps": 8.89,
    "epsdiluted": 8.88,
    "weightedAverageShsOut": 3082400000,
    "weightedAverageShsOutDil": 3087400000,
    "link": "https://www.sec.gov/Archives/edgar/data/19617/000001961721000236/0000019617-21-000236-index.htm",
    "finalLink": "https://www.sec.gov/Archives/edgar/data/19617/000001961721000236/jpm-20201231.htm"
  },
  {
    "date": "2019-12-31",
    "symbol": "JPM",
    "reportedCurrency": "USD",
    "cik": "0000019617",
    "fillingDate": "2020-02-25",
    "acceptedDate": "2020-02-25 16:31:02",
    "calendarYear": "2019",
    "period": "FY",
    "revenue": 115720000000,
    "costOfRevenue": 0,
    "grossProfit": 115720000000,
    "grossProfitRatio": 1,
    "researchAndDevelopmentExpenses": 0,
    "generalAndAdministrativeExpenses": 34155000000,
    "sellingAndMarketingExpenses": 3351000000,
    "sellingGeneralAndAdministrativeExpenses": 37506000000,
    "otherExpenses": 27762000000,
    "operatingExpenses": 65268000000,
    "costAndExpenses": 65268000000,
    "interestIncome": 84040000000,
    "interestExpense": 26795000000,
    "depreciationAndAmortization": 8368000000,
    "ebitda": 58320000000,
    "ebitdaratio": 0.5039751123,
    "operatingIncome": 49952000000,
    "operatingIncomeRatio": 0.4316626339,
    "totalOtherIncomeExpensesNet": -5086000000,
    "incomeBeforeTax": 44866000000,
    "incomeBeforeTaxRatio": 0.3877117179,
    "incomeTaxExpense": 8435000000,
    "netIncome": 36431000000,
    "netIncomeRatio": 0.3148202558,
    "eps": 10.75,
    "epsdiluted": 10.72,
    "weightedAverageShsOut": 3221500000,
    "weightedAverageShsOutDil": 3230400000,
    "link": "https://www.sec.gov/Archives/edgar/data/19617/000001961720000257/0000019617-20-000257-index.html",
    "finalLink": "https://www.sec.gov/Archives/edgar/data/19617/000001961720000257/corp10k2019.htm"
  },
  {
    "date": "2018-12-31",
    "symbol": "JPM",
    "reportedCurrency": "USD",
    "cik": "0000019617",
    "fillingDate": "2019-02-26",
    "acceptedDate": "2019-02-26 16:57:25",
    "calendarYear": "2018",
    "period": "FY",
    "revenue": 108783000000,
    "costOfRevenue": 0,
    "grossProfit": 108783000000,
    "grossProfitRatio": 1,
    "researchAndDevelopmentExpenses": 0,
    "generalAndAdministrativeExpenses": 33117000000,
    "sellingAndMarketingExpenses": 3044000000,
    "sellingGeneralAndAdministrativeExpenses": 36161000000,
    "otherExpenses": 26819000000,
    "operatingExpenses": 62980000000,
    "costAndExpenses": 62980000000,
    "interestIncome": 76100000000,
    "interestExpense": 21041000000,
    "depreciationAndAmortization": 7791000000,
    "ebitda": 54118000000,
    "ebitdaratio": 0.4974858204,
    "operatingIncome": 46327000000,
    "operatingIncomeRatio": 0.4258661739,
    "totalOtherIncomeExpensesNet": -5563000000,
    "incomeBeforeTax": 40764000000,
    "incomeBeforeTaxRatio": 0.3747276688,
    "incomeTaxExpense": 8290000000,
    "netIncome": 32474000000,
    "netIncomeRatio": 0.2985209086,
    "eps": 9.04,
    "epsdiluted": 9,
    "weightedAverageShsOut": 3396400000,
    "weightedAverageShsOutDil": 3414000000,
    "link": "https://www.sec.gov/Archives/edgar/data/19617/000001961719000054/0000019617-19-000054-index.html",
    "finalLink": "https://www.sec.gov/Archives/edgar/data/19617/000001961719000054/corp10k2018.htm"
  },
  {
    "date": "2017-12-31",
    "symbol": "JPM",
    "reportedCurrency": "USD",
    "cik": "0000019617",
    "fillingDate": "2018-02-27",
    "acceptedDate": "2018-02-27 16:23:03",
    "calendarYear": "2017",
    "period": "FY",
    "revenue": 100705000000,
    "costOfRevenue": 0,
    "grossProfit": 100705000000,
    "grossProfitRatio": 1,
    "researchAndDevelopmentExpenses": 0,
    "generalAndAdministrativeExpenses": 31208000000,
    "sellingAndMarketingExpenses": 2900000000,
    "sellingGeneralAndAdministrativeExpenses": 34108000000,
    "otherExpenses": 24737000000,
    "operatingExpenses": 58845000000,
    "costAndExpenses": 58845000000,
    "interestIncome": 63971000000,
    "interestExpense": 13874000000,
    "depreciationAndAmortization": 6179000000,
    "ebitda": 47488000000,
    "ebitdaratio": 0.4715555335,
    "operatingIncome": 41309000000,
    "operatingIncomeRatio": 0.4101981034,
    "totalOtherIncomeExpensesNet": -5409000000,
    "incomeBeforeTax": 35900000000,
    "incomeBeforeTaxRatio": 0.3564867683,
    "incomeTaxExpense": 11459000000,
    "netIncome": 24441000000,
    "netIncomeRatio": 0.2426989722,
    "eps": 6.35,
    "epsdiluted": 6.31,
    "weightedAverageShsOut": 3576386687,
    "weightedAverageShsOutDil": 3576800000,
    "link": "https://www.sec.gov/Archives/edgar/data/19617/000001961718000057/0000019617-18-000057-index.html",
    "finalLink": "https://www.sec.gov/Archives/edgar/data/19617/000001961718000057/corp10k2017.htm"
  },
  {
    "date": "2016-12-31",
    "symbol": "JPM",
    "reportedCurrency": "USD",
    "cik": "0000019617",
    "fillingDate": "2017-02-28",
    "acceptedDate": "2017-02-28 16:23:41",
    "calendarYear": "2016",
    "period": "FY",
    "revenue": 96569000000,
    "costOfRevenue": 0,
    "grossProfit": 96569000000,
    "grossProfitRatio": 1,
    "researchAndDevelopmentExpenses": 0,
    "generalAndAdministrativeExpenses": 30203000000,
    "sellingAndMarketingExpenses": 2897000000,
    "sellingGeneralAndAdministrativeExpenses": 33100000000,
    "otherExpenses": 23572000000,
    "operatingExpenses": 56672000000,
    "costAndExpenses": 56672000000,
    "interestIncome": 55901000000,
    "interestExpense": 9818000000,
    "depreciationAndAmortization": 5478000000,
    "ebitda": 45569000000,
    "ebitdaratio": 0.47188021,
    "operatingIncome": 40091000000,
    "operatingIncomeRatio": 0.4151539314,
    "totalOtherIncomeExpensesNet": -5555000000,
    "incomeBeforeTax": 34536000000,
    "incomeBeforeTaxRatio": 0.3576302954,
    "incomeTaxExpense": 9803000000,
    "netIncome": 24733000000,
    "netIncomeRatio": 0.2561173876,
    "eps": 6.24,
    "epsdiluted": 6.19,
    "weightedAverageShsOut": 3688852988,
    "weightedAverageShsOutDil": 3690000000,
    "link": "https://www.sec.gov/Archives/edgar/data/19617/000001961717000314/0000019617-17-000314-index.html",
    "finalLink": "https://www.sec.gov/Archives/edgar/data/19617/000001961717000314/corp10k2016.htm"
  },
  {
    "date": "2015-12-31",
    "symbol": "JPM",
    "reportedCurrency": "USD",
    "cik": "0000019617",
    "fillingDate": "2016-02-23",
    "acceptedDate": "2016-02-23 16:17:46",
    "calendarYear": "2015",
    "period": "FY",
    "revenue": 93543000000,
    "costOfRevenue": 0,
    "grossProfit": 93543000000,
    "grossProfitRatio": 1,
    "researchAndDevelopmentExpenses": 0,
    "generalAndAdministrativeExpenses": 29750000000,
    "sellingAndMarketingExpenses": 2708000000,
    "sellingGeneralAndAdministrativeExpenses": 32458000000,
    "otherExpenses": 26042000000,
    "operatingExpenses": 58500000000,
    "costAndExpenses": 58500000000,
    "interestIncome": 50973000000,
    "interestExpense": 7463000000,
    "depreciationAndAmortization": 4940000000,
    "ebitda": 44722000000,
    "ebitdaratio": 0.47809029,
    "operatingIncome": 39782000000,
    "operatingIncomeRatio": 0.4252803524,
    "totalOtherIncomeExpensesNet": -9080000000,
    "incomeBeforeTax": 30702000000,
    "incomeBeforeTaxRatio": 0.3282126936,
    "incomeTaxExpense": 6260000000,
    "netIncome": 24442000000,
    "netIncomeRatio": 0.2612915985,
    "eps": 6.05,
    "epsdiluted": 6,
    "weightedAverageShsOut": 3773600000,
    "weightedAverageShsOutDil": 3775166666,
    "link": "https://www.sec.gov/Archives/edgar/data/19617/000001961716000902/0000019617-16-000902-index.html",
    "finalLink": "https://www.sec.gov/Archives/edgar/data/19617/000001961716000902/corp10k2015.htm"
  }
]