[
  {
    "date": "2025-03-31",
    "symbol": "JPM",
    "reportedCurrency": "USD",
    "cik": "0000019617",
    "fillingDate": "2025-04-11",
    "acceptedDate": "2025-04-11 02:45:50",
    "calendarYear": "2025",
    "period": "Q1",
    "revenue": 68890000000,
    "costOfRevenue": 23580000000,
    "grossProfit": 45310000000,
    "grossProfitRatio": 0.6577151981,
    "researchAndDevelopmentExpenses": 2578000000,
    "generalAndAdministrativeExpenses": 14932000000,
    "sellingAndMarketingExpenses": 1304000000,
    "sellingGeneralAndAdministrativeExpenses": 16236000000,
    "otherExpenses": 8088000000,
    "operatingExpenses": 26902000000,
    "costAndExpenses": 50482000000,
    "interestIncome": 46853000000,
    "interestExpense": 23580000000,
    "depreciationAndAmortization": 0,
    "ebitda": 18408000000,
    "ebitdaratio": 0.2672085934,
    "operatingIncome": 18408000000,
    "operatingIncomeRatio": 0.2672085934,
    "totalOtherIncomeExpensesNet": 0,
    "incomeBeforeTax": 18408000000,
    "incomeBeforeTaxRatio": 0.2672085934,
    "incomeTaxExpense": 3765000000,
    "netIncome": 14643000000,
    "netIncomeRatio": 0.2125562491,
    "eps": 5.08,
    "epsdiluted": 5.07,
    "weightedAverageShsOut": 2819400000,
    "weightedAverageShsOutDil": 2824300000,
    "link": "https://www.sec.gov/Archives/edgar/data/19617/000001961725000332/0000019617-25-000332-index.htm",
    "finalLink": "https://www.sec.gov/Archives/edgar/data/19617/000001961725000332/a1q25erfex992supplement.htm"
  },
  {
    "date": "2024-12-31",
    "symbol": "JPM",
    "reportedCurrency": "USD",
    "cik": "0000019617",
    "fillingDate": "2025-02-14",
    "acceptedDate": "2025-02-14 16:17:07",
    "calendarYear": "2024",
    "period": "Q4",
    "revenue": 42768000000,
    "costOfRevenue": 0,
    "grossProfit": 42768000000,
    "grossProfitRatio": 1,
    "researchAndDevelopmentExpenses": 0,
    "generalAndAdministrativeExpenses": 5523000000,
    "sellingAndMarketingExpenses": 1335000000,
    "sellingGeneralAndAdministrativeExpenses": 20636000000,
    "otherExpenses": 0,
    "operatingExpenses": 20636000000,
    "costAndExpenses": 20636000000,
    "interestIncome": 0,
    "interestExpense": 0,
    "depreciationAndAmortization": 1890000000,
    "ebitda": 19501000000,
    "ebitdaratio": 0.4559717546,
    "operatingIncome": 19501000000,
    "operatingIncomeRatio": 0.4559717546,
    "totalOtherIncomeExpensesNet": -2126000000,
    "incomeBeforeTax": 17375000000,
    "incomeBeforeTaxRatio": 0.406261691,
    "incomeTaxExpense": 3370000000,
    "netIncome": 14005000000,
    "netIncomeRatio": 0.3274644594,
    "eps": 4.82,
    "epsdiluted": 4.81,
    "weightedAverageShsOut": 2836900000,
    "weightedAverageShsOutDil": 2842400000,
    "link": "https://www.sec.gov/Archives/edgar/data/19617/000001961725000270/0000019617-25-000270-index.htm",
    "finalLink": "https://www.sec.gov/Archives/edgar/data/19617/000001961725000270/jpm-20241231.htm"
  },
  {
    "date": "2024-09-30",
    "symbol": "JPM",
    "reportedCurrency": "USD",
    "cik": "0000019617",
    "fillingDate": "2024-10-30",
    "acceptedDate": "2024-10-30 16:18:49",
    "calendarYear": "2024",
    "period": "Q3",
    "revenue": 42656000000,
    "costOfRevenue": 0,
    "grossProfit": 42656000000,
    "grossProfitRatio": 1,
    "researchAndDevelopmentExpenses": 0,
    "generalAndAdministrativeExpenses": 5227000000,
    "sellingAndMarketingExpenses": 1258000000,
    "sellingGeneralAndAdministrativeExpenses": 1258000000,
    "otherExpenses": 0,
    "operatingExpenses": 20560000000,
    "costAndExpenses": 20560000000,
    "interestIncome": 50416000000,
    "interestExpense": 27011000000,
    "depreciationAndAmortization": 0,
    "ebitda": 0,
    "ebitdaratio": 0,
    "operatingIncome": 37691000000,
    "operatingIncomeRatio": 0.8836037134,
    "totalOtherIncomeExpensesNet": -20713000000,
    "incomeBeforeTax": 16978000000,
    "incomeBeforeTaxRatio": 0.3980213803,
    "incomeTaxExpense": 4080000000,
    "netIncome": 12898000000,
    "netIncomeRatio": 0.3023724681,
    "eps": 4.38,
    "epsdiluted": 4.37,
    "weightedAverageShsOut": 2860600000,
    "weightedAverageShsOutDil": 2865900000,
    "link": "https://www.sec.gov/Archives/edgar/data/19617/000001961724000611/0000019617-24-000611-index.htm",
    "finalLink": "https://www.sec.gov/Archives/edgar/data/19617/000001961724000611/jpm-20240930.htm"
  },
  {
    "date": "2024-06-30",
    "symbol": "JPM",
    "reportedCurrency": "USD",
    "cik": "0000019617",
    "fillingDate": "2024-08-02",
    "acceptedDate": "2024-08-02 16:18:48",
    "calendarYear": "2024",
    "period": "Q2",
    "revenue": 50058000000,
    "costOfRevenue": 0,
    "grossProfit": 50058000000,
    "grossProfitRatio": 1,
    "researchAndDevelopmentExpenses": 0,
    "generalAndAdministrativeExpenses": 12953000000,
    "sellingAndMarketingExpenses": 1221000000,
    "sellingGeneralAndAdministrativeExpenses": 14174000000,
    "otherExpenses": 9539000000,
    "operatingExpenses": 23713000000,
    "costAndExpenses": 23713000000,
    "interestIncome": 48513000000,
    "interestExpense": 25767000000,
    "depreciationAndAmortization": 2002000000,
    "ebitda": 45284000000,
    "ebitdaratio": 0.9046306285,
    "operatingIncome": 26438000000,
    "operatingIncomeRatio": 0.5281473491,
    "totalOtherIncomeExpensesNet": -3003000000,
    "incomeBeforeTax": 23435000000,
    "incomeBeforeTaxRatio": 0.468156938,
    "incomeTaxExpense": 5286000000,
    "netIncome": 18149000000,
    "netIncomeRatio": 0.3625594311,
    "eps": 6.13,
    "epsdiluted": 6.12,
    "weightedAverageShsOut": 2889800000,
    "weightedAverageShsOutDil": 2894900000,
    "link": "https://www.sec.gov/Archives/edgar/data/19617/000001961724000453/0000019617-24-000453-index.htm",
    "finalLink": "https://www.sec.gov/Archives/edgar/data/19617/000001961724000453/jpm-20240630.htm"
  },
  {
    "date": "2024-03-31",
    "symbol": "JPM",
    "reportedCurrency": "USD",
    "cik": "0000019617",
    "fillingDate": "2024-05-01",
    "acceptedDate": "2024-05-01 16:18:10",
    "calendarYear": "2024",
    "period": "Q1",
    "revenue": 41908000000,
    "costOfRevenue": 0,
    "grossProfit": 41908000000,
    "grossProfitRatio": 1,
    "researchAndDevelopmentExpenses": 0,
    "generalAndAdministrativeExpenses": 13366000000,
    "sellingAndMarketingExpenses": 1160000000,
    "sellingGeneralAndAdministrativeExpenses": 14526000000,
    "otherExpenses": 8231000000,
    "operatingExpenses": 22757000000,
    "costAndExpenses": 22757000000,
    "interestIncome": 47438000000,
    "interestExpense": 24356000000,
    "depreciationAndAmortization": 2004000000,
    "ebitda": 37142000000,
    "ebitdaratio": 0.886274697,
    "operatingIncome": 19608000000,
    "operatingIncomeRatio": 0.4678820273,
    "totalOtherIncomeExpensesNet": -2315000000,
    "incomeBeforeTax": 17293000000,
    "incomeBeforeTaxRatio": 0.4126419777,
    "incomeTaxExpense": 3874000000,
    "netIncome": 13419000000,
    "netIncomeRatio": 0.3202013935,
    "eps": 4.45,
    "epsdiluted": 4.44,
    "weightedAverageShsOut": 2908300000,
    "weightedAverageShsOutDil": 2912800000,
    "link": "https://www.sec.gov/Archives/edgar/data/19617/000001961724000326/0000019617-24-000326-index.htm",
    "finalLink": "https://www.sec.gov/Archives/edgar/data/19617/000001961724000326/jpm-20240331.htm"
  },
  {
    "date": "2023-12-31",
    "symbol": "JPM",
    "reportedCurrency": "USD",
    "cik": "0000019617",
    "fillingDate": "2024-02-16",
    "acceptedDate": "2024-02-16 16:20:22",
    "calendarYear": "2023",
    "period": "Q4",
    "revenue": 38600000000,
    "costOfRevenue": 0,
    "grossProfit": 38600000000,
    "grossProfitRatio": 1,
    "researchAndDevelopmentExpenses": 0,
    "generalAndAdministrativeExpenses": 11847000000,
    "sellingAndMarketingExpenses": 1298000000,
    "sellingGeneralAndAdministrativeExpenses": 13145000000,
    "otherExpenses": 14141000000,
    "operatingExpenses": 27286000000,
    "costAndExpenses": 27286000000,
    "interestIncome": 47384000000,
    "interestExpense": 23333000000,
    "depreciationAndAmortization": 3337000000,
    "ebitda": 19467000000,
    "ebitdaratio": 0.5043264249,
    "operatingIncome": 16130000000,
    "operatingIncomeRatio": 0.4178756477,
    "totalOtherIncomeExpensesNet": -4804000000,
    "incomeBeforeTax": 11326000000,
    "incomeBeforeTaxRatio": 0.2934196891,
    "incomeTaxExpense": 2019000000,
    "netIncome": 9307000000,
    "netIncomeRatio": 0.2411139896,
    "eps": 3.04,
    "epsdiluted": 3.04,
    "weightedAverageShsOut": 2914400000,
    "weightedAverageShsOutDil": 2919100000,
    "link": "https://www.sec.gov/Archives/edgar/data/19617/000001961724000225/0000019617-24-000225-index.htm",
    "finalLink": "https://www.sec.gov/Archives/edgar/data/19617/000001961724000225/jpm-20231231.htm"
  },
  {
    "date": "2023-09-30",
    "symbol": "JPM",
    "reportedCurrency": "USD",
    "cik": "0000019617",
    "fillingDate": "2023-11-01",
    "acceptedDate": "2023-11-01 16:29:55",
    "calendarYear": "2023",
    "period": "Q3",
    "revenue": 39761000000,
    "costOfRevenue": 0,
    "grossProfit": 39761000000,
    "grossProfitRatio": 1,
    "researchAndDevelopmentExpenses": 0,
    "generalAndAdministrativeExpenses": 11726000000,
    "sellingAndMarketingExpenses": 1126000000,
    "sellingGeneralAndAdministrativeExpenses": 12852000000,
    "otherExpenses": 8805000000,
    "operatingExpenses": 21657000000,
    "costAndExpenses": 21657000000,
    "interestIncome": 44556000000,
    "interestExpense": 21830000000,
    "depreciationAndAmortization": 2019000000,
    "ebitda": 35165000000,
    "ebitdaratio": 0.8844093458,
    "operatingIncome": 19335000000,
    "operatingIncomeRatio": 0.4862805261,
    "totalOtherIncomeExpensesNet": -2602000000,
    "incomeBeforeTax": 16733000000,
    "incomeBeforeTaxRatio": 0.4208395161,
    "incomeTaxExpense": 3582000000,
    "netIncome": 13151000000,
    "netIncomeRatio": 0.3307512387,
    "eps": 4.33,
    "epsdiluted": 4.33,
    "weightedAverageShsOut": 2927500000,
    "weightedAverageShsOutDil": 2932100000,
    "link": "https://www.sec.gov/Archives/edgar/data/19617/000001961723000524/0000019617-23-000524-index.htm",
    "finalLink": "https://www.sec.gov/Archives/edgar/data/19617/000001961723000524/jpm-20230930.htm"
  },
  {
    "date": "2023-06-30",
    "symbol": "JPM",
    "reportedCurrency": "USD",
    "cik": "0000019617",
    "fillingDate": "2023-08-03",
    "acceptedDate": "2023-08-03 16:41:34",
    "calendarYear": "2023",
    "period": "Q2",
    "revenue": 38582000000,
    "costOfRevenue": 0,
    "grossProfit": 38582000000,
    "grossProfitRatio": 1,
    "researchAndDevelopmentExpenses": 0,
    "generalAndAdministrativeExpenses": 11216000000,
    "sellingAndMarketingExpenses": 1122000000,
    "sellingGeneralAndAdministrativeExpenses": 12338000000,
    "otherExpenses": 5784000000,
    "operatingExpenses": 18122000000,
    "costAndExpenses": 18122000000,
    "interestIncome": 41644000000,
    "interestExpense": 19865000000,
    "depreciationAndAmortization": 507000000,
    "ebitda": 36848000000,
    "ebitdaratio": 0.9550567622,
    "operatingIncome": 17460000000,
    "operatingIncomeRatio": 0.4525426365,
    "totalOtherIncomeExpensesNet": 126000000,
    "incomeBeforeTax": 17586000000,
    "incomeBeforeTaxRatio": 0.4558084081,
    "incomeTaxExpense": 3114000000,
    "netIncome": 14472000000,
    "netIncomeRatio": 0.3750971956,
    "eps": 4.76,
    "epsdiluted": 4.75,
    "weightedAverageShsOut": 2943800000,
    "weightedAverageShsOutDil": 2948300000,
    "link": "https://www.sec.gov/Archives/edgar/data/19617/000001961723000432/0000019617-23-000432-index.htm",
    "finalLink": "https://www.sec.gov/Archives/edgar/data/19617/000001961723000432/jpm-20230630.htm"
  },
  {
    "date": "2023-03-31",
    "symbol": "JPM",
    "reportedCurrency": "USD",
    "cik": "0000019617",
    "fillingDate": "2023-05-03",
    "acceptedDate": "2023-05-03 16:10:19",
    "calendarYear": "2023",
    "period": "Q1",
    "revenue": 38348000000,
    "costOfRevenue": 0,
    "grossProfit": 38348000000,
    "grossProfitRatio": 1,
    "researchAndDevelopmentExpenses": 0,
    "generalAndAdministrativeExpenses": 11993000000,
    "sellingAndMarketingExpenses": 1045000000,
    "sellingGeneralAndAdministrativeExpenses": 13038000000,
    "otherExpenses": 7069000000,
    "operatingExpenses": 20107000000,
    "costAndExpenses": 20107000000,
    "interestIncome": 37004000000,
    "interestExpense": 16293000000,
    "depreciationAndAmortization": 1649000000,
    "ebitda": 34005000000,
    "ebitdaratio": 0.8867476791,
    "operatingIncome": 17606000000,
    "operatingIncomeRatio": 0.4591112965,
    "totalOtherIncomeExpensesNet": -1639000000,
    "incomeBeforeTax": 15967000000,
    "incomeBeforeTaxRatio": 0.4163711276,
    "incomeTaxExpense": 3345000000,
    "netIncome": 12622000000,
    "netIncomeRatio": 0.329143632,
    "eps": 4.11,
    "epsdiluted": 4.1,
    "weightedAverageShsOut": 2968500000,
    "weightedAverageShsOutDil": 2972700000,
    "link": "https://www.sec.gov/Archives/edgar/data/19617/000001961723000310/0000019617-23-000310-index.htm",
    "finalLink": "https://www.sec.gov/Archives/edgar/data/19617/000001961723000310/jpm-20230331.htm"
  },
  {
    "date": "2022-12-31",
    "symbol": "JPM",
    "reportedCurrency": "USD",
    "cik": "0000019617",
    "fillingDate": "2023-02-21",
    "acceptedDate": "2023-02-21 16:13:55",
    "calendarYear": "2022",
    "period": "Q4",
    "revenue": 34512000000,
    "costOfRevenue": 0,
    "grossProfit": 34512000000,
    "grossProfitRatio": 1,
    "researchAndDevelopmentExpenses": 0,
    "generalAndAdministrativeExpenses": 10009000000,
    "sellingAndMarketingExpenses": 1093000000,
    "sellingGeneralAndAdministrativeExpenses": 11102000000,
    "otherExpenses": 7920000000,
    "operatingExpenses": 19022000000,
    "costAndExpenses": 19022000000,
    "interestIncome": 33054000000,
    "interestExpense": 12862000000,
    "depreciationAndAmortization": 1671000000,
    "ebitda": 16641000000,
    "ebitdaratio": 0.4821801113,
    "operatingIncome": 14970000000,
    "operatingIncomeRatio": 0.4337621697,
    "totalOtherIncomeExpensesNet": -1733000000,
    "incomeBeforeTax": 13237000000,
    "incomeBeforeTaxRatio": 0.3835477515,
    "incomeTaxExpense": 2229000000,
    "netIncome": 11008000000,
    "netIncomeRatio": 0.3189615206,
    "eps": 3.58,
    "epsdiluted": 3.58,
    "weightedAverageShsOut": 2962900000,
    "weightedAverageShsOutDil": 2967100000,
    "link": "https://www.sec.gov/Archives/edgar/data/19617/000001961723000231/0000019617-23-000231-index.htm",
    "finalLink": "https://www.sec.gov/Archives/edgar/data/19617/000001961723000231/jpm-20221231.htm"
  },
  {
    "date": "2022-09-30",
    "symbol": "JPM",
    "reportedCurrency": "USD",
    "cik": "0000019617",
    "fillingDate": "2022-11-03",
    "acceptedDate": "2022-11-03 16:13:37",
    "calendarYear": "2022",
    "period": "Q3",
    "revenue": 32702000000,
    "costOfRevenue": 0,
    "grossProfit": 32702000000,
    "grossProfitRatio": 1,
    "researchAndDevelopmentExpenses": 0,
    "generalAndAdministrativeExpenses": 4847000000,
    "sellingAndMarketingExpenses": 1017000000,
    "sellingGeneralAndAdministrativeExpenses": 17565000000,
    "otherExpenses": 0,
    "operatingExpenses": 17565000000,
    "costAndExpenses": 17565000000,
    "interestIncome": 25611000000,
    "interestExpense": 8093000000,
    "depreciationAndAmortization": 1771000000,
    "ebitda": 28171000000,
    "ebitdaratio": 0.8614457831,
    "operatingIncome": 13614000000,
    "operatingIncomeRatio": 0.4163048132,
    "totalOtherIncomeExpensesNet": -1613000000,
    "incomeBeforeTax": 12001000000,
    "incomeBeforeTaxRatio": 0.3669806128,
    "incomeTaxExpense": 2264000000,
    "netIncome": 9737000000,
    "netIncomeRatio": 0.2977493731,
    "eps": 3.13,
    "epsdiluted": 3.12,
    "weightedAverageShsOut": 2961200000,
    "weightedAverageShsOutDil": 2965400000,
    "link": "https://www.sec.gov/Archives/edgar/data/19617/000001961722000492/0000019617-22-000492-index.htm",
    "finalLink": "https://www.sec.gov/Archives/edgar/data/19617/000001961722000492/jpm-20220930.htm"
  },
  {
    "date": "2022-06-30",
    "symbol": "JPM",
    "reportedCurrency": "USD",
    "cik": "0000019617",
    "fillingDate": "2022-08-03",
    "acceptedDate": "2022-08-03 16:13:24",
    "calendarYear": "2022",
    "period": "Q2",
    "revenue": 30709000000,
    "costOfRevenue": 0,
    "grossProfit": 30709000000,
    "grossProfitRatio": 1,
    "researchAndDevelopmentExpenses": 0,
    "generalAndAdministrativeExpenses": 10301000000,
    "sellingAndMarketingExpenses": 881000000,
    "sellingGeneralAndAdministrativeExpenses": 11182000000,
    "otherExpenses": 7567000000,
    "operatingExpenses": 18749000000,
    "costAndExpenses": 18749000000,
    "interestIncome": 18646000000,
    "interestExpense": 3518000000,
    "depreciationAndAmortization": 1789000000,
    "ebitda": 26329000000,
    "ebitdaratio": 0.8573708033,
    "operatingIncome": 12458000000,
    "operatingIncomeRatio": 0.4056791169,
    "totalOtherIncomeExpensesNet": -1593000000,
    "incomeBeforeTax": 10865000000,
    "incomeBeforeTaxRatio": 0.3538050734,
    "incomeTaxExpense": 2216000000,
    "netIncome": 8649000000,
    "netIncomeRatio": 0.2816438178,
    "eps": 2.77,
    "epsdiluted": 2.76,
    "weightedAverageShsOut": 2962200000,
    "weightedAverageShsOutDil": 2966300000,
    "link": "https://www.sec.gov/Archives/edgar/data/19617/000001961722000422/0000019617-22-000422-index.htm",
    "finalLink": "https://www.sec.gov/Archives/edgar/data/19617/000001961722000422/jpm-20220630.htm"
  },
  {
    "date": "2022-03-31",
    "symbol": "JPM",
    "reportedCurrency": "USD",
    "cik": "0000019617",
    "fillingDate": "2022-05-03",
    "acceptedDate": "2022-05-03 16:13:30",
    "calendarYear": "2022",
    "period": "Q1",
    "revenue": 30718000000,
    "costOfRevenue": 0,
    "grossProfit": 30718000000,
    "grossProfitRatio": 1,
    "researchAndDevelopmentExpenses": 0,
    "generalAndAdministrativeExpenses": 10787000000,
    "sellingAndMarketingExpenses": 920000000,
    "sellingGeneralAndAdministrativeExpenses": 11707000000,
    "otherExpenses": 7484000000,
    "operatingExpenses": 19191000000,
    "costAndExpenses": 19191000000,
    "interestIncome": 15496000000,
    "interestExpense": 1624000000,
    "depreciationAndAmortization": 1820000000,
    "ebitda": 26303000000,
    "ebitdaratio": 0.8562731949,
    "operatingIncome": 11481000000,
    "operatingIncomeRatio": 0.3737548017,
    "totalOtherIncomeExpensesNet": -1418000000,
    "incomeBeforeTax": 10063000000,
    "incomeBeforeTaxRatio": 0.3275929422,
    "incomeTaxExpense": 1781000000,
    "netIncome": 8282000000,
    "netIncomeRatio": 0.2696139072,
    "eps": 2.64,
    "epsdiluted": 2.63,
    "weightedAverageShsOut": 2977000000,
    "weightedAverageShsOutDil": 2981000000,
    "link": "https://www.sec.gov/Archives/edgar/data/19617/000001961722000319/0000019617-22-000319-index.htm",
    "finalLink": "https://www.sec.gov/Archives/edgar/data/19617/000001961722000319/jpm-20220331.htm"
  },
  {
    "date": "2021-12-31",
    "symbol": "JPM",
    "reportedCurrency": "USD",
    "cik": "0000019617",
    "fillingDate": "2022-02-22",
    "acceptedDate": "2022-02-22 16:56:31",
    "calendarYear": "2021",
    "period": "Q4",
    "revenue": 29288000000,
    "costOfRevenue": 0,
    "grossProfit": 29288000000,
    "grossProfitRatio": 1,
    "researchAndDevelopmentExpenses": 0,
    "generalAndAdministrativeExpenses": 9065000000,
    "sellingAndMarketingExpenses": 947000000,
    "sellingGeneralAndAdministrativeExpenses": 10012000000,
    "otherExpenses": 7869000000,
    "operatingExpenses": 17881000000,
    "costAndExpenses": 17881000000,
    "interestIncome": 15019000000,
    "interestExpense": 1418000000,
    "depreciationAndAmortization": 1931000000,
    "ebitda": 16091000000,
    "ebitdaratio": 0.5494059,
    "operatingIncome": 14160000000,
    "operatingIncomeRatio": 0.4834744605,
    "totalOtherIncomeExpensesNet": -1503000000,
    "incomeBeforeTax": 12657000000,
    "incomeBeforeTaxRatio": 0.4321565146,
    "incomeTaxExpense": 2258000000,
    "netIncome": 10399000000,
    "netIncomeRatio": 0.3550600929,
    "eps": 3.33,
    "epsdiluted": 3.33,
    "weightedAverageShsOut": 2981698014,
    "weightedAverageShsOutDil": 2981800000,
    "link": "https://www.sec.gov/Archives/edgar/data/19617/000001961722000272/0000019617-22-000272-index.htm",
    "finalLink": "https://www.sec.gov/Archives/edgar/data/19617/000001961722000272/jpm-20211231.htm"
  },
  {
    "date": "2021-09-30",
    "symbol": "JPM",
    "reportedCurrency": "USD",
    "cik": "0000019617",
    "fillingDate": "2021-11-02",
    "acceptedDate": "2021-11-02 16:10:39",
    "calendarYear": "2021",
    "period": "Q3",
    "revenue": 29661000000,
    "costOfRevenue": 0,
    "grossProfit": 29661000000,
    "grossProfitRatio": 1,
    "researchAndDevelopmentExpenses": 0,
    "generalAndAdministrativeExpenses": 9087000000,
    "sellingAndMarketingExpenses": 712000000,
    "sellingGeneralAndAdministrativeExpenses": 9799000000,
    "otherExpenses": 7264000000,
    "operatingExpenses": 17063000000,
    "costAndExpenses": 17063000000,
    "interestIncome": 14480000000,
    "interestExpense": 1400000000,
    "depreciationAndAmortization": 1928000000,
    "ebitda": 25353000000,
    "ebitdaratio": 0.8547587741,
    "operatingIncome": 15270000000,
    "operatingIncomeRatio": 0.514817437,
    "totalOtherIncomeExpensesNet": -1159000000,
    "incomeBeforeTax": 14111000000,
    "incomeBeforeTaxRatio": 0.4757425576,
    "incomeTaxExpense": 2424000000,
    "netIncome": 11687000000,
    "netIncomeRatio": 0.3940190823,
    "eps": 3.74,
    "epsdiluted": 3.74,
    "weightedAverageShsOut": 3002406417,
    "weightedAverageShsOutDil": 3005100000,
    "link": "https://www.sec.gov/Archives/edgar/data/19617/000001961721000458/0000019617-21-000458-index.htm",
    "finalLink": "https://www.sec.gov/Archives/edgar/data/19617/000001961721000458/jpm-20210930.htm"
  },
  {
    "date": "2021-06-30",
    "symbol": "JPM",
    "reportedCurrency": "USD",
    "cik": "0000019617",
    "fillingDate": "2021-08-02",
    "acceptedDate": "2021-08-02 16:12:31",
    "calendarYear": "2021",
    "period": "Q2",
    "revenue": 30486000000,
    "costOfRevenue": 0,
    "grossProfit": 30486000000,
    "grossProfitRatio": 1,
    "researchAndDevelopmentExpenses": 0,
    "generalAndAdministrativeExpenses": 9814000000,
    "sellingAndMarketingExpenses": 626000000,
    "sellingGeneralAndAdministrativeExpenses": 10440000000,
    "otherExpenses": 7227000000,
    "operatingExpenses": 17667000000,
    "costAndExpenses": 17667000000,
    "interestIncome": 14094000000,
    "interestExpense": 1353000000,
    "depreciationAndAmortization": 2003000000,
    "ebitda": 26275000000,
    "ebitdaratio": 0.8618710228,
    "operatingIncome": 16361000000,
    "operatingIncomeRatio": 0.536672571,
    "totalOtherIncomeExpensesNet": -1264000000,
    "incomeBeforeTax": 15097000000,
    "incomeBeforeTaxRatio": 0.4952109165,
    "incomeTaxExpense": 3149000000,
    "netIncome": 11948000000,
    "netIncomeRatio": 0.3919176015,
    "eps": 3.79,
    "epsdiluted": 3.78,
    "weightedAverageShsOut": 3041269841,
    "weightedAverageShsOutDil": 3041900000,
    "link": "https://www.sec.gov/Archives/edgar/data/19617/000001961721000373/0000019617-21-000373-index.htm",
    "finalLink": "https://www.sec.gov/Archives/edgar/data/19617/000001961721000373/jpm-20210630.htm"
  },
  {
    "date": "2021-03-31",
    "symbol": "JPM",
    "reportedCurrency": "USD",
    "cik": "0000019617",
    "fillingDate": "2021-05-04",
    "acceptedDate": "2021-05-04 16:17:30",
    "calendarYear": "2021",
    "period": "Q1",
    "revenue": 32250000000,
    "costOfRevenue": 0,
    "grossProfit": 32250000000,
    "grossProfitRatio": 1,
    "researchAndDevelopmentExpenses": 0,
    "generalAndAdministrativeExpenses": 10601000000,
    "sellingAndMarketingExpenses": 751000000,
    "sellingGeneralAndAdministrativeExpenses": 11352000000,
    "otherExpenses": 7373000000,
    "operatingExpenses": 18725000000,
    "costAndExpenses": 18725000000,
    "interestIncome": 14271000000,
    "interestExpense": 1382000000,
    "depreciationAndAmortization": 2070000000,
    "ebitda": 27881000000,
    "ebitdaratio": 0.8645271318,
    "operatingIncome": 19233000000,
    "operatingIncomeRatio": 0.596372093,
    "totalOtherIncomeExpensesNet": -1536000000,
    "incomeBeforeTax": 17697000000,
    "incomeBeforeTaxRatio": 0.548744186,
    "incomeTaxExpense": 3397000000,
    "netIncome": 14300000000,
    "netIncomeRatio": 0.4434108527,
    "eps": 4.51,
    "epsdiluted": 4.5,
    "weightedAverageShsOut": 3078000000,
    "weightedAverageShsOutDil": 3078900000,
    "link": "https://www.sec.gov/Archives/edgar/data/19617/000001961721000292/0000019617-21-000292-index.htm",
    "finalLink": "https://www.sec.gov/Archives/edgar/data/19617/000001961721000292/jpm-20210331.htm"
  },
  {
    "date": "2020-12-31",
    "symbol": "JPM",
    "reportedCurrency": "USD",
    "cik": "0000019617",
    "fillingDate": "2021-02-23",
    "acceptedDate": "2021-02-23 16:17:29",
    "calendarYear": "2020",
    "period": "Q4",
    "revenue": 29266000000,
    "costOfRevenue": 0,
    "grossProfit": 29266000000,
    "grossProfitRatio": 1,
    "researchAndDevelopmentExpenses": 0,
    "generalAndAdministrativeExpenses": 7954000000,
    "sellingAndMarketingExpenses": 725000000,
    "sellingGeneralAndAdministrativeExpenses": 8679000000,
    "otherExpenses": 7369000000,
    "operatingExpenses": 16048000000,
    "costAndExpenses": 16048000000,
    "interestIncome": 14550000000,
    "interestExpense": 1292000000,
    "depreciationAndAmortization": 2127000000,
    "ebitda": 18646000000,
    "ebitdaratio": 0.6371215745,
    "operatingIncome": 16519000000,
    "operatingIncomeRatio": 0.5644433814,
    "totalOtherIncomeExpensesNet": -1343000000,
    "incomeBeforeTax": 15176000000,
    "incomeBeforeTaxRatio": 0.5185539534,
    "incomeTaxExpense": 3040000000,
    "netIncome": 12136000000,
    "netIncomeRatio": 0.4146791499,
    "eps": 3.8,
    "epsdiluted": 3.79,
    "weightedAverageShsOut": 3085100000,
    "weightedAverageShsOutDil": 3085184100,
    "link": "https://www.sec.gov/Archives/edgar/data/19617/000001961721000236/0000019617-21-000236-index.htm",
    "finalLink": "https://www.sec.gov/Archives/edgar/data/19617/000001961721000236/jpm-20201231.htm"
  },
  {
    "date": "2020-09-30",
    "symbol": "JPM",
    "reportedCurrency": "USD",
    "cik": "0000019617",
    "fillingDate": "2020-11-02",
    "acceptedDate": "2020-11-02 16:23:19",
    "calendarYear": "2020",
    "period": "Q3",
    "revenue": 29158000000,
    "costOfRevenue": 0,
    "grossProfit": 29158000000,
    "grossProfitRatio": 1,
    "researchAndDevelopmentExpenses": 0,
    "generalAndAdministrativeExpenses": 8630000000,
    "sellingAndMarketingExpenses": 470000000,
    "sellingGeneralAndAdministrativeExpenses": 9100000000,
    "otherExpenses": 7775000000,
    "operatingExpenses": 16875000000,
    "costAndExpenses": 16875000000,
    "interestIncome": 14700000000,
    "interestExpense": 1687000000,
    "depreciationAndAmortization": 2141000000,
    "ebitda": 24971000000,
    "ebitdaratio": 0.8564030455,
    "operatingIncome": 13660000000,
    "operatingIncomeRatio": 0.4684820632,
    "totalOtherIncomeExpensesNet": -1891000000,
    "incomeBeforeTax": 11769000000,
    "incomeBeforeTaxRatio": 0.4036285068,
    "incomeTaxExpense": 2326000000,
    "netIncome": 9443000000,
    "netIncomeRatio": 0.3238562316,
    "eps": 2.93,
    "epsdiluted": 2.92,
    "weightedAverageShsOut": 3082800000,
    "weightedAverageShsOutDil": 3087328767,
    "link": "https://www.sec.gov/Archives/edgar/data/19617/000001961720000438/0000019617-20-000438-index.htm",
    "finalLink": "https://www.sec.gov/Archives/edgar/data/19617/000001961720000438/jpm-20200930.htm"
  },
  {
    "date": "2020-06-30",
    "symbol": "JPM",
    "reportedCurrency": "USD",
    "cik": "0000019617",
    "fillingDate": "2020-08-03",
    "acceptedDate": "2020-08-03 16:13:32",
    "calendarYear": "2020",
    "period": "Q2",
    "revenue": 33071000000,
    "costOfRevenue": 0,
    "grossProfit": 33071000000,
    "grossProfitRatio": 1,
    "researchAndDevelopmentExpenses": 0,
    "generalAndAdministrativeExpenses": 9509000000,
    "sellingAndMarketingExpenses": 481000000,
    "sellingGeneralAndAdministrativeExpenses": 9990000000,
    "otherExpenses": 6952000000,
    "operatingExpenses": 16942000000,
    "costAndExpenses": 16942000000,
    "interestIncome": 16112000000,
    "interestExpense": 2259000000,
    "depreciationAndAmortization": 2149000000,
    "ebitda": 28829000000,
    "ebitdaratio": 0.8717305192,
    "operatingIncome": 6943000000,
    "operatingIncomeRatio": 0.2099422455,
    "totalOtherIncomeExpensesNet": -1283000000,
    "incomeBeforeTax": 5660000000,
    "incomeBeforeTaxRatio": 0.1711469263,
    "incomeTaxExpense": 973000000,
    "netIncome": 4687000000,
    "netIncomeRatio": 0.1417253787,
    "eps": 1.39,
    "epsdiluted": 1.38,
    "weightedAverageShsOut": 3081000000,
    "weightedAverageShsOutDil": 3090579710,
    "link": "https://www.sec.gov/Archives/edgar/data/19617/000001961720000372/0000019617-20-000372-index.htm",
    "finalLink": "https://www.sec.gov/Archives/edgar/data/19617/000001961720000372/corpq22020.htm"
  }
]