[
  {
    "date": "2024-12-31",
    "symbol": "TSM",
    "reportedCurrency": "TWD",
    "cik": "0001046179",
    "fillingDate": "2025-02-27",
    "acceptedDate": "2025-02-27 06:02:03",
    "calendarYear": "2024",
    "period": "Q4",
    "revenue": 868461000000,
    "costOfRevenue": 356082000000,
    "grossProfit": 512379000000,
    "grossProfitRatio": 0.5899850425,
    "researchAndDevelopmentExpenses": 57232000000,
    "generalAndAdministrativeExpenses": 0,
    "sellingAndMarketingExpenses": 0,
    "sellingGeneralAndAdministrativeExpenses": 29108000000,
    "otherExpenses": 326000000,
    "operatingExpenses": 86666000000,
    "costAndExpenses": 442748000000,
    "interestIncome": 0,
    "interestExpense": 0,
    "depreciationAndAmortization": 170378000000,
    "ebitda": 596091000000,
    "ebitdaratio": 0.6863762449,
    "operatingIncome": 425713000000,
    "operatingIncomeRatio": 0.4901924208,
    "totalOtherIncomeExpensesNet": 23085000000,
    "incomeBeforeTax": 448798000000,
    "incomeBeforeTaxRatio": 0.5167739254,
    "incomeTaxExpense": 74329000000,
    "netIncome": 374680000000,
    "netIncomeRatio": 0.4314298512,
    "eps": 14.45,
    "epsdiluted": 14.45,
    "weightedAverageShsOut": 25927556000,
    "weightedAverageShsOutDil": 25927556000,
    "link": "https://www.sec.gov/Archives/edgar/data/1046179/000104617925000019/0001046179-25-000019-index.htm",
    "finalLink": "https://www.sec.gov/Archives/edgar/data/1046179/000104617925000019/tsmc2024q4consolidatedfina.htm"
  },
  {
    "date": "2024-09-30",
    "symbol": "TSM",
    "reportedCurrency": "TWD",
    "cik": "0001046179",
    "fillingDate": "2024-11-14",
    "acceptedDate": "2024-11-14 06:02:52",
    "calendarYear": "2024",
    "period": "Q3",
    "revenue": 759692143000,
    "costOfRevenue": 320346477000,
    "grossProfit": 439345666000,
    "grossProfitRatio": 0.5783206659,
    "researchAndDevelopmentExpenses": 52783826000,
    "generalAndAdministrativeExpenses": 22890591000,
    "sellingAndMarketingExpenses": 3404487000,
    "sellingGeneralAndAdministrativeExpenses": 26295078000,
    "otherExpenses": -499527000,
    "operatingExpenses": 78579377000,
    "costAndExpenses": 398925854000,
    "interestIncome": 22601654000,
    "interestExpense": 2635790000,
    "depreciationAndAmortization": 168228557000,
    "ebitda": 555051199000,
    "ebitdaratio": 0.7306264835,
    "operatingIncome": 360766289000,
    "operatingIncomeRatio": 0.4748848495,
    "totalOtherIncomeExpensesNet": 23420563000,
    "incomeBeforeTax": 384186852000,
    "incomeBeforeTaxRatio": 0.5057138678,
    "incomeTaxExpense": 59106682000,
    "netIncome": 325257571000,
    "netIncomeRatio": 0.4281439186,
    "eps": 12.55,
    "epsdiluted": 12.54,
    "weightedAverageShsOut": 25928000000,
    "weightedAverageShsOutDil": 25928000000,
    "link": "https://www.sec.gov/Archives/edgar/data/1046179/000104617924000126/0001046179-24-000126-index.htm",
    "finalLink": "https://www.sec.gov/Archives/edgar/data/1046179/000104617924000126/tsmc2024q3consolidatedfina.htm"
  },
  {
    "date": "2024-06-30",
    "symbol": "TSM",
    "reportedCurrency": "TWD",
    "cik": "0001046179",
    "fillingDate": "2024-06-30",
    "acceptedDate": "2024-06-28 20:00:00",
    "calendarYear": "2024",
    "period": "Q2",
    "revenue": 673510177000,
    "costOfRevenue": 315385699000,
    "grossProfit": 358124478000,
    "grossProfitRatio": 0.531728384,
    "researchAndDevelopmentExpenses": 48057704000,
    "generalAndAdministrativeExpenses": 19290282000,
    "sellingAndMarketingExpenses": 2947324000,
    "sellingGeneralAndAdministrativeExpenses": 22237606000,
    "otherExpenses": 1273626000,
    "operatingExpenses": 71568936000,
    "costAndExpenses": 386954635000,
    "interestIncome": 20979233000,
    "interestExpense": 2638140000,
    "depreciationAndAmortization": 165166594000,
    "ebitda": 474115309000,
    "ebitdaratio": 0.7039467631,
    "operatingIncome": 286555542000,
    "operatingIncomeRatio": 0.4254657937,
    "totalOtherIncomeExpensesNet": 19755033000,
    "incomeBeforeTax": 306310575000,
    "incomeBeforeTaxRatio": 0.454797248,
    "incomeTaxExpense": 58649137000,
    "netIncome": 247845528000,
    "netIncomeRatio": 0.3679907691,
    "eps": 9.56,
    "epsdiluted": 9.56,
    "weightedAverageShsOut": 25928972000,
    "weightedAverageShsOutDil": 25930812000,
    "link": "",
    "finalLink": ""
  },
  {
    "date": "2024-03-31",
    "symbol": "TSM",
    "reportedCurrency": "TWD",
    "cik": "0001046179",
    "fillingDate": "2024-03-31",
    "acceptedDate": "2024-03-29 20:00:00",
    "calendarYear": "2024",
    "period": "Q1",
    "revenue": 592644201000,
    "costOfRevenue": 278138932000,
    "grossProfit": 314505269000,
    "grossProfitRatio": 0.5306814248,
    "researchAndDevelopmentExpenses": 46108936000,
    "generalAndAdministrativeExpenses": 16137086000,
    "sellingAndMarketingExpenses": 3111259000,
    "sellingGeneralAndAdministrativeExpenses": 19248345000,
    "otherExpenses": 129682000,
    "operatingExpenses": 65486963000,
    "costAndExpenses": 343625895000,
    "interestIncome": 19359172000,
    "interestExpense": 2698255000,
    "depreciationAndAmortization": 159023162000,
    "ebitda": 428264621000,
    "ebitdaratio": 0.7226336144,
    "operatingIncome": 249018306000,
    "operatingIncomeRatio": 0.4201817981,
    "totalOtherIncomeExpensesNet": 17524898000,
    "incomeBeforeTax": 266543204000,
    "incomeBeforeTaxRatio": 0.4497524882,
    "incomeTaxExpense": 41321941000,
    "netIncome": 225484877000,
    "netIncomeRatio": 0.3804725949,
    "eps": 8.7,
    "epsdiluted": 8.7,
    "weightedAverageShsOut": 25930000000,
    "weightedAverageShsOutDil": 25930000000,
    "link": "",
    "finalLink": ""
  },
  {
    "date": "2023-12-31",
    "symbol": "TSM",
    "reportedCurrency": "TWD",
    "cik": "0001046179",
    "fillingDate": "2023-12-31",
    "acceptedDate": "2023-12-30 19:00:00",
    "calendarYear": "2023",
    "period": "Q4",
    "revenue": 625529000000,
    "costOfRevenue": 293761000000,
    "grossProfit": 331768000000,
    "grossProfitRatio": 0.5303798865,
    "researchAndDevelopmentExpenses": 50410000000,
    "generalAndAdministrativeExpenses": 18235339000,
    "sellingAndMarketingExpenses": 2975542000,
    "sellingGeneralAndAdministrativeExpenses": 21211000000,
    "otherExpenses": -58000000,
    "operatingExpenses": 71563000000,
    "costAndExpenses": 365324000000,
    "interestIncome": 17408787000,
    "interestExpense": 2918637000,
    "depreciationAndAmortization": 150648000000,
    "ebitda": 410853000000,
    "ebitdaratio": 0.656808877,
    "operatingIncome": 260205000000,
    "operatingIncomeRatio": 0.415975918,
    "totalOtherIncomeExpensesNet": 18076000000,
    "incomeBeforeTax": 278281000000,
    "incomeBeforeTaxRatio": 0.4448730594,
    "incomeTaxExpense": 39974000000,
    "netIncome": 238712000000,
    "netIncomeRatio": 0.3816162,
    "eps": 9.21,
    "epsdiluted": 9.21,
    "weightedAverageShsOut": 25932071000,
    "weightedAverageShsOutDil": 25932071000,
    "link": "",
    "finalLink": ""
  },
  {
    "date": "2023-09-30",
    "symbol": "TSM",
    "reportedCurrency": "TWD",
    "cik": "0001046179",
    "fillingDate": "2023-09-30",
    "acceptedDate": "2023-09-29 20:00:00",
    "calendarYear": "2023",
    "period": "Q3",
    "revenue": 546733000000,
    "costOfRevenue": 250090294000,
    "grossProfit": 296643000000,
    "grossProfitRatio": 0.5425737974,
    "researchAndDevelopmentExpenses": 51137762000,
    "generalAndAdministrativeExpenses": 14998124000,
    "sellingAndMarketingExpenses": 2572905000,
    "sellingGeneralAndAdministrativeExpenses": 17571029000,
    "otherExpenses": -131085000,
    "operatingExpenses": 68577706000,
    "costAndExpenses": 318668000000,
    "interestIncome": 15595274000,
    "interestExpense": 3111922000,
    "depreciationAndAmortization": 147280162000,
    "ebitda": 375345162000,
    "ebitdaratio": 0.6865236999,
    "operatingIncome": 228065000000,
    "operatingIncomeRatio": 0.4171414566,
    "totalOtherIncomeExpensesNet": 13875000000,
    "incomeBeforeTax": 241940000000,
    "incomeBeforeTaxRatio": 0.4425194748,
    "incomeTaxExpense": 31145221000,
    "netIncome": 211000000000,
    "netIncomeRatio": 0.3859287806,
    "eps": 8.14,
    "epsdiluted": 8.14,
    "weightedAverageShsOut": 25929267000,
    "weightedAverageShsOutDil": 25929358000,
    "link": "",
    "finalLink": ""
  },
  {
    "date": "2023-06-30",
    "symbol": "TSM",
    "reportedCurrency": "TWD",
    "cik": "0001046179",
    "fillingDate": "2023-06-30",
    "acceptedDate": "2023-06-29 20:00:00",
    "calendarYear": "2023",
    "period": "Q2",
    "revenue": 480841254000,
    "costOfRevenue": 220641407000,
    "grossProfit": 260199847000,
    "grossProfitRatio": 0.5411346153,
    "researchAndDevelopmentExpenses": 41665278000,
    "generalAndAdministrativeExpenses": 14163389000,
    "sellingAndMarketingExpenses": 2365893000,
    "sellingGeneralAndAdministrativeExpenses": 16529282000,
    "otherExpenses": 47244000,
    "operatingExpenses": 58241804000,
    "costAndExpenses": 278883211000,
    "interestIncome": 13672021000,
    "interestExpense": 3005155000,
    "depreciationAndAmortization": 123939688000,
    "ebitda": 341619752000,
    "ebitdaratio": 0.7104626509,
    "operatingIncome": 201958043000,
    "operatingIncomeRatio": 0.4200098085,
    "totalOtherIncomeExpensesNet": 12716866000,
    "incomeBeforeTax": 214674909000,
    "incomeBeforeTaxRatio": 0.4464569278,
    "incomeTaxExpense": 32957903000,
    "netIncome": 181799021000,
    "netIncomeRatio": 0.3780853234,
    "eps": 7.01,
    "epsdiluted": 7.01,
    "weightedAverageShsOut": 25929268000,
    "weightedAverageShsOutDil": 25929415000,
    "link": "",
    "finalLink": ""
  },
  {
    "date": "2023-03-31",
    "symbol": "TSM",
    "reportedCurrency": "TWD",
    "cik": "0001046179",
    "fillingDate": "2023-03-31",
    "acceptedDate": "2023-03-30 20:00:00",
    "calendarYear": "2023",
    "period": "Q1",
    "revenue": 508632973000,
    "costOfRevenue": 222132581000,
    "grossProfit": 286500392000,
    "grossProfitRatio": 0.563275303,
    "researchAndDevelopmentExpenses": 39157036000,
    "generalAndAdministrativeExpenses": 13475948000,
    "sellingAndMarketingExpenses": 2676360000,
    "sellingGeneralAndAdministrativeExpenses": 16152308000,
    "otherExpenses": -47109000,
    "operatingExpenses": 55262235000,
    "costAndExpenses": 277394816000,
    "interestIncome": 13617818000,
    "interestExpense": 2963686000,
    "depreciationAndAmortization": 110322641000,
    "ebitda": 357561258000,
    "ebitdaratio": 0.7029848181,
    "operatingIncome": 231238157000,
    "operatingIncomeRatio": 0.454626753,
    "totalOtherIncomeExpensesNet": 13036774000,
    "incomeBeforeTax": 244274931000,
    "incomeBeforeTaxRatio": 0.4802577575,
    "incomeTaxExpense": 37325895000,
    "netIncome": 206986561000,
    "netIncomeRatio": 0.4069468005,
    "eps": 7.98,
    "epsdiluted": 7.98,
    "weightedAverageShsOut": 25929088000,
    "weightedAverageShsOutDil": 25929376000,
    "link": "",
    "finalLink": ""
  },
  {
    "date": "2022-12-31",
    "symbol": "TSM",
    "reportedCurrency": "TWD",
    "cik": "0001046179",
    "fillingDate": "2022-12-31",
    "acceptedDate": "2022-12-30 19:00:00",
    "calendarYear": "2022",
    "period": "Q4",
    "revenue": 625531876000,
    "costOfRevenue": 236346953000,
    "grossProfit": 389184923000,
    "grossProfitRatio": 0.6221664122,
    "researchAndDevelopmentExpenses": 44587023000,
    "generalAndAdministrativeExpenses": 16957177000,
    "sellingAndMarketingExpenses": 2991130000,
    "sellingGeneralAndAdministrativeExpenses": 19948307000,
    "otherExpenses": -391226000,
    "operatingExpenses": 64144104000,
    "costAndExpenses": 300491057000,
    "interestIncome": 10587332000,
    "interestExpense": 3334985000,
    "depreciationAndAmortization": 107581924000,
    "ebitda": 445468265000,
    "ebitdaratio": 0.712143189,
    "operatingIncome": 325040819000,
    "operatingIncomeRatio": 0.5196231103,
    "totalOtherIncomeExpensesNet": 9510537000,
    "incomeBeforeTax": 334551356000,
    "incomeBeforeTaxRatio": 0.5348270309,
    "incomeTaxExpense": 62278689000,
    "netIncome": 272297328000,
    "netIncomeRatio": 0.4353052793,
    "eps": 11.41,
    "epsdiluted": 11.41,
    "weightedAverageShsOut": 25930380000,
    "weightedAverageShsOutDil": 25930380000,
    "link": "",
    "finalLink": ""
  },
  {
    "date": "2022-09-30",
    "symbol": "TSM",
    "reportedCurrency": "TWD",
    "cik": "0001046179",
    "fillingDate": "2022-09-30",
    "acceptedDate": "2022-09-29 20:00:00",
    "calendarYear": "2022",
    "period": "Q3",
    "revenue": 613142743000,
    "costOfRevenue": 242644026000,
    "grossProfit": 370498717000,
    "grossProfitRatio": 0.6042617665,
    "researchAndDevelopmentExpenses": 42977507000,
    "generalAndAdministrativeExpenses": 14499002000,
    "sellingAndMarketingExpenses": 2709953000,
    "sellingGeneralAndAdministrativeExpenses": 17208955000,
    "otherExpenses": -11959000,
    "operatingExpenses": 60174503000,
    "costAndExpenses": 302818529000,
    "interestIncome": 6615044000,
    "interestExpense": 3370018000,
    "depreciationAndAmortization": 105345666000,
    "ebitda": 425406551000,
    "ebitdaratio": 0.6938132366,
    "operatingIncome": 310324214000,
    "operatingIncomeRatio": 0.5061206669,
    "totalOtherIncomeExpensesNet": 6366653000,
    "incomeBeforeTax": 316690867000,
    "incomeBeforeTaxRatio": 0.5165043061,
    "incomeTaxExpense": 35722460000,
    "netIncome": 280865780000,
    "netIncomeRatio": 0.4580756817,
    "eps": 10.83,
    "epsdiluted": 10.83,
    "weightedAverageShsOut": 25928993000,
    "weightedAverageShsOutDil": 25929165000,
    "link": "",
    "finalLink": ""
  },
  {
    "date": "2022-06-30",
    "symbol": "TSM",
    "reportedCurrency": "TWD",
    "cik": "0001046179",
    "fillingDate": "2022-06-30",
    "acceptedDate": "2022-06-29 20:00:00",
    "calendarYear": "2022",
    "period": "Q2",
    "revenue": 534140808000,
    "costOfRevenue": 218672814000,
    "grossProfit": 315467994000,
    "grossProfitRatio": 0.5906082989,
    "researchAndDevelopmentExpenses": 39649130000,
    "generalAndAdministrativeExpenses": 11568594000,
    "sellingAndMarketingExpenses": 2156794000,
    "sellingGeneralAndAdministrativeExpenses": 13725388000,
    "otherExpenses": -30273000,
    "operatingExpenses": 53344245000,
    "costAndExpenses": 272017059000,
    "interestIncome": 3545945000,
    "interestExpense": 2904231000,
    "depreciationAndAmortization": 113224647000,
    "ebitda": 382127159000,
    "ebitdaratio": 0.7154052888,
    "operatingIncome": 262123749000,
    "operatingIncomeRatio": 0.4907390431,
    "totalOtherIncomeExpensesNet": 3874532000,
    "incomeBeforeTax": 265998281000,
    "incomeBeforeTaxRatio": 0.4979928083,
    "incomeTaxExpense": 28818029000,
    "netIncome": 237027317000,
    "netIncomeRatio": 0.4437543686,
    "eps": 9.14,
    "epsdiluted": 9.14,
    "weightedAverageShsOut": 25928993000,
    "weightedAverageShsOutDil": 25929167000,
    "link": "",
    "finalLink": ""
  },
  {
    "date": "2022-03-31",
    "symbol": "TSM",
    "reportedCurrency": "TWD",
    "cik": "0001046179",
    "fillingDate": "2022-03-31",
    "acceptedDate": "2022-03-30 20:00:00",
    "calendarYear": "2022",
    "period": "Q1",
    "revenue": 491075873000,
    "costOfRevenue": 217872707000,
    "grossProfit": 273203166000,
    "grossProfitRatio": 0.5563359575,
    "researchAndDevelopmentExpenses": 36048540000,
    "generalAndAdministrativeExpenses": 10500027000,
    "sellingAndMarketingExpenses": 2062623000,
    "sellingGeneralAndAdministrativeExpenses": 12562650000,
    "otherExpenses": 801858000,
    "operatingExpenses": 49413048000,
    "costAndExpenses": 267285755000,
    "interestIncome": 1673879000,
    "interestExpense": 2140766000,
    "depreciationAndAmortization": 111102063000,
    "ebitda": 340074525000,
    "ebitdaratio": 0.6925091288,
    "operatingIncome": 223790118000,
    "operatingIncomeRatio": 0.455713934,
    "totalOtherIncomeExpensesNet": 3041578000,
    "incomeBeforeTax": 226831696000,
    "incomeBeforeTaxRatio": 0.4619076368,
    "incomeTaxExpense": 23958322000,
    "netIncome": 202732975000,
    "netIncomeRatio": 0.4128343218,
    "eps": 7.82,
    "epsdiluted": 7.82,
    "weightedAverageShsOut": 25929791000,
    "weightedAverageShsOutDil": 25929834000,
    "link": "",
    "finalLink": ""
  },
  {
    "date": "2021-12-31",
    "symbol": "TSM",
    "reportedCurrency": "TWD",
    "cik": "0001046179",
    "fillingDate": "2021-12-31",
    "acceptedDate": "2021-12-30 19:00:00",
    "calendarYear": "2021",
    "period": "Q4",
    "revenue": 438264864000,
    "costOfRevenue": 207510007000,
    "grossProfit": 230754857000,
    "grossProfitRatio": 0.5265191804,
    "researchAndDevelopmentExpenses": 32238432000,
    "generalAndAdministrativeExpenses": 13648949000,
    "sellingAndMarketingExpenses": 1990447000,
    "sellingGeneralAndAdministrativeExpenses": 15639396000,
    "otherExpenses": 105072000,
    "operatingExpenses": 47982900000,
    "costAndExpenses": 255492907000,
    "interestIncome": 1462671000,
    "interestExpense": 2173643000,
    "depreciationAndAmortization": 110662661000,
    "ebitda": 297565201000,
    "ebitdaratio": 0.6789620283,
    "operatingIncome": 182771957000,
    "operatingIncomeRatio": 0.4170353866,
    "totalOtherIncomeExpensesNet": 1956940000,
    "incomeBeforeTax": 184728897000,
    "incomeBeforeTaxRatio": 0.421500586,
    "incomeTaxExpense": 22547916000,
    "netIncome": 162051478000,
    "netIncomeRatio": 0.3697569468,
    "eps": 6.41,
    "epsdiluted": 6.41,
    "weightedAverageShsOut": 25930380000,
    "weightedAverageShsOutDil": 25930380458,
    "link": "",
    "finalLink": ""
  },
  {
    "date": "2021-09-30",
    "symbol": "TSM",
    "reportedCurrency": "TWD",
    "cik": "0001046179",
    "fillingDate": "2021-09-30",
    "acceptedDate": "2021-09-29 20:00:00",
    "calendarYear": "2021",
    "period": "Q3",
    "revenue": 414670379000,
    "costOfRevenue": 201924184000,
    "grossProfit": 212746195000,
    "grossProfitRatio": 0.5130489318,
    "researchAndDevelopmentExpenses": 30866634000,
    "generalAndAdministrativeExpenses": 8929793000,
    "sellingAndMarketingExpenses": 1853489000,
    "sellingGeneralAndAdministrativeExpenses": 10783282000,
    "otherExpenses": 92731000,
    "operatingExpenses": 41742647000,
    "costAndExpenses": 243666831000,
    "interestIncome": 1356544000,
    "interestExpense": 1334063000,
    "depreciationAndAmortization": 107026763000,
    "ebitda": 282212465000,
    "ebitdaratio": 0.6805705912,
    "operatingIncome": 171003548000,
    "operatingIncomeRatio": 0.4123842856,
    "totalOtherIncomeExpensesNet": 2848091000,
    "incomeBeforeTax": 173851639000,
    "incomeBeforeTaxRatio": 0.4192526108,
    "incomeTaxExpense": 17372485000,
    "netIncome": 156258287000,
    "netIncomeRatio": 0.3768252928,
    "eps": 6.03,
    "epsdiluted": 6.03,
    "weightedAverageShsOut": 25930380000,
    "weightedAverageShsOutDil": 25930380000,
    "link": "",
    "finalLink": ""
  },
  {
    "date": "2021-06-30",
    "symbol": "TSM",
    "reportedCurrency": "TWD",
    "cik": "0001046179",
    "fillingDate": "2021-06-30",
    "acceptedDate": "2021-06-29 20:00:00",
    "calendarYear": "2021",
    "period": "Q2",
    "revenue": 372145122000,
    "costOfRevenue": 185948304000,
    "grossProfit": 186196818000,
    "grossProfitRatio": 0.5003338939,
    "researchAndDevelopmentExpenses": 30873376000,
    "generalAndAdministrativeExpenses": 7826613000,
    "sellingAndMarketingExpenses": 1883434000,
    "sellingGeneralAndAdministrativeExpenses": 9710047000,
    "otherExpenses": -53810000,
    "operatingExpenses": 40529613000,
    "costAndExpenses": 226477917000,
    "interestIncome": 1428681000,
    "interestExpense": 1134399000,
    "depreciationAndAmortization": 103805158000,
    "ebitda": 254330632000,
    "ebitdaratio": 0.6834178845,
    "operatingIncome": 145667205000,
    "operatingIncomeRatio": 0.3914258078,
    "totalOtherIncomeExpensesNet": 3723870000,
    "incomeBeforeTax": 149391075000,
    "incomeBeforeTaxRatio": 0.4014323074,
    "incomeTaxExpense": 14909359000,
    "netIncome": 134358942000,
    "netIncomeRatio": 0.3610391056,
    "eps": 5.18,
    "epsdiluted": 5.18,
    "weightedAverageShsOut": 25930380000,
    "weightedAverageShsOutDil": 25930380000,
    "link": "",
    "finalLink": ""
  },
  {
    "date": "2021-03-31",
    "symbol": "TSM",
    "reportedCurrency": "TWD",
    "cik": "0001046179",
    "fillingDate": "2021-03-31",
    "acceptedDate": "2021-03-30 20:00:00",
    "calendarYear": "2021",
    "period": "Q1",
    "revenue": 362410230000,
    "costOfRevenue": 172570800000,
    "grossProfit": 189839430000,
    "grossProfitRatio": 0.5238247,
    "researchAndDevelopmentExpenses": 30756358000,
    "generalAndAdministrativeExpenses": 6524245000,
    "sellingAndMarketingExpenses": 1831230000,
    "sellingGeneralAndAdministrativeExpenses": 8355475000,
    "otherExpenses": 189407000,
    "operatingExpenses": 39301240000,
    "costAndExpenses": 211872040000,
    "interestIncome": 1460904000,
    "interestExpense": 772095000,
    "depreciationAndAmortization": 100900318000,
    "ebitda": 256736802000,
    "ebitdaratio": 0.7084148866,
    "operatingIncome": 150538190000,
    "operatingIncomeRatio": 0.4153806309,
    "totalOtherIncomeExpensesNet": 4526199000,
    "incomeBeforeTax": 155064389000,
    "incomeBeforeTaxRatio": 0.42786979,
    "incomeTaxExpense": 15325640000,
    "netIncome": 139690493000,
    "netIncomeRatio": 0.3854485371,
    "eps": 5.39,
    "epsdiluted": 5.39,
    "weightedAverageShsOut": 25930380000,
    "weightedAverageShsOutDil": 25930380000,
    "link": "",
    "finalLink": ""
  },
  {
    "date": "2020-12-31",
    "symbol": "TSM",
    "reportedCurrency": "TWD",
    "cik": "0001046179",
    "fillingDate": "2020-12-31",
    "acceptedDate": "2020-12-30 19:00:00",
    "calendarYear": "2020",
    "period": "Q4",
    "revenue": 361580627000,
    "costOfRevenue": 166344322000,
    "grossProfit": 195236305000,
    "grossProfitRatio": 0.5399523382,
    "researchAndDevelopmentExpenses": 29940323000,
    "generalAndAdministrativeExpenses": 6387579000,
    "sellingAndMarketingExpenses": 1993388000,
    "sellingGeneralAndAdministrativeExpenses": 8380967000,
    "otherExpenses": -205161000,
    "operatingExpenses": 38116129000,
    "costAndExpenses": 204460451000,
    "interestIncome": 1653006000,
    "interestExpense": 768627000,
    "depreciationAndAmortization": 97561795000,
    "ebitda": 259406903000,
    "ebitdaratio": 0.7174247834,
    "operatingIncome": 157120176000,
    "operatingIncomeRatio": 0.4345370417,
    "totalOtherIncomeExpensesNet": 3956305000,
    "incomeBeforeTax": 161076481000,
    "incomeBeforeTaxRatio": 0.4454787369,
    "incomeTaxExpense": 25402039000,
    "netIncome": 135625047000,
    "netIncomeRatio": 0.3750893628,
    "eps": 5.51,
    "epsdiluted": 5.51,
    "weightedAverageShsOut": 25930380458,
    "weightedAverageShsOutDil": 25930380458,
    "link": "",
    "finalLink": ""
  },
  {
    "date": "2020-09-30",
    "symbol": "TSM",
    "reportedCurrency": "TWD",
    "cik": "0001046179",
    "fillingDate": "2020-09-30",
    "acceptedDate": "2020-09-29 20:00:00",
    "calendarYear": "2020",
    "period": "Q3",
    "revenue": 356439030000,
    "costOfRevenue": 165945534000,
    "grossProfit": 190493496000,
    "grossProfitRatio": 0.5344350084,
    "researchAndDevelopmentExpenses": 29683751000,
    "generalAndAdministrativeExpenses": 9272555000,
    "sellingAndMarketingExpenses": 1935049000,
    "sellingGeneralAndAdministrativeExpenses": 11207604000,
    "otherExpenses": -445208000,
    "operatingExpenses": 40446147000,
    "costAndExpenses": 206391681000,
    "interestIncome": 1897963000,
    "interestExpense": 373164000,
    "depreciationAndAmortization": 94733105000,
    "ebitda": 250230272000,
    "ebitdaratio": 0.7020282599,
    "operatingIncome": 150047349000,
    "operatingIncomeRatio": 0.4209621741,
    "totalOtherIncomeExpensesNet": 5076654000,
    "incomeBeforeTax": 155124003000,
    "incomeBeforeTaxRatio": 0.4352048736,
    "incomeTaxExpense": 17745852000,
    "netIncome": 137310040000,
    "netIncomeRatio": 0.3852272856,
    "eps": 5.3,
    "epsdiluted": 5.3,
    "weightedAverageShsOut": 25930380000,
    "weightedAverageShsOutDil": 25930380000,
    "link": "",
    "finalLink": ""
  },
  {
    "date": "2020-06-30",
    "symbol": "TSM",
    "reportedCurrency": "TWD",
    "cik": "0001046179",
    "fillingDate": "2020-06-30",
    "acceptedDate": "2020-06-29 20:00:00",
    "calendarYear": "2020",
    "period": "Q2",
    "revenue": 310629333000,
    "costOfRevenue": 146005542000,
    "grossProfit": 164623791000,
    "grossProfitRatio": 0.5299685944,
    "researchAndDevelopmentExpenses": 24893043000,
    "generalAndAdministrativeExpenses": 6894405000,
    "sellingAndMarketingExpenses": 1733261000,
    "sellingGeneralAndAdministrativeExpenses": 8627666000,
    "otherExpenses": 8544000,
    "operatingExpenses": 33529253000,
    "costAndExpenses": 179534795000,
    "interestIncome": 2478362000,
    "interestExpense": 409145000,
    "depreciationAndAmortization": 70875223000,
    "ebitda": 207683006000,
    "ebitdaratio": 0.6685878761,
    "operatingIncome": 131094538000,
    "operatingIncomeRatio": 0.422028843,
    "totalOtherIncomeExpensesNet": 5304100000,
    "incomeBeforeTax": 136398638000,
    "incomeBeforeTaxRatio": 0.4391041782,
    "incomeTaxExpense": 15506124000,
    "netIncome": 120822193000,
    "netIncomeRatio": 0.3889593807,
    "eps": 4.66,
    "epsdiluted": 4.66,
    "weightedAverageShsOut": 25930380000,
    "weightedAverageShsOutDil": 25930380000,
    "link": "",
    "finalLink": ""
  },
  {
    "date": "2020-03-31",
    "symbol": "TSM",
    "reportedCurrency": "TWD",
    "cik": "0001046179",
    "fillingDate": "2020-03-31",
    "acceptedDate": "2020-03-30 20:00:00",
    "calendarYear": "2020",
    "period": "Q1",
    "revenue": 310589510000,
    "costOfRevenue": 149813002000,
    "grossProfit": 160776508000,
    "grossProfitRatio": 0.5176495111,
    "researchAndDevelopmentExpenses": 24968883000,
    "generalAndAdministrativeExpenses": 5903061000,
    "sellingAndMarketingExpenses": 1451102000,
    "sellingGeneralAndAdministrativeExpenses": 7354163000,
    "otherExpenses": -68175000,
    "operatingExpenses": 32254871000,
    "costAndExpenses": 182067873000,
    "interestIncome": 2989069000,
    "interestExpense": 530564000,
    "depreciationAndAmortization": 68554477000,
    "ebitda": 201232219000,
    "ebitdaratio": 0.6479041066,
    "operatingIncome": 128521637000,
    "operatingIncomeRatio": 0.4137990269,
    "totalOtherIncomeExpensesNet": 3625541000,
    "incomeBeforeTax": 132147178000,
    "incomeBeforeTaxRatio": 0.4254721224,
    "incomeTaxExpense": 15084285000,
    "netIncome": 116986720000,
    "netIncomeRatio": 0.376660242,
    "eps": 4.51,
    "epsdiluted": 4.51,
    "weightedAverageShsOut": 25930380000,
    "weightedAverageShsOutDil": 25930380000,
    "link": "",
    "finalLink": ""
  }
]