[
  {
    "date": "2024-12-31",
    "symbol": "TSM",
    "reportedCurrency": "TWD",
    "cik": "0001046179",
    "fillingDate": "2024-12-31",
    "acceptedDate": "2024-12-31 00:00:00",
    "calendarYear": "2024",
    "period": "FY",
    "revenue": 2894308000000,
    "costOfRevenue": 1269954000000,
    "grossProfit": 1624354000000,
    "grossProfitRatio": 0.5612236155,
    "researchAndDevelopmentExpenses": 204182000000,
    "generalAndAdministrativeExpenses": 0,
    "sellingAndMarketingExpenses": 0,
    "sellingGeneralAndAdministrativeExpenses": 96889000000,
    "otherExpenses": 1230000000,
    "operatingExpenses": 302301000000,
    "costAndExpenses": 1572255000000,
    "interestIncome": 0,
    "interestExpense": 0,
    "depreciationAndAmortization": 662796000000,
    "ebitda": 1984849000000,
    "ebitdaratio": 0.6857767038,
    "operatingIncome": 1322053000000,
    "operatingIncomeRatio": 0.4567768876,
    "totalOtherIncomeExpensesNet": 83786000000,
    "incomeBeforeTax": 1405839000000,
    "incomeBeforeTaxRatio": 0.4857254307,
    "incomeTaxExpense": 233407000000,
    "netIncome": 1173268000000,
    "netIncomeRatio": 0.4053708175,
    "eps": 45.25,
    "epsdiluted": 45.25,
    "weightedAverageShsOut": 25927556000,
    "weightedAverageShsOutDil": 25927556000,
    "link": null,
    "finalLink": null
  },
  {
    "date": "2023-12-31",
    "symbol": "TSM",
    "reportedCurrency": "TWD",
    "cik": "0001046179",
    "fillingDate": "2023-12-31",
    "acceptedDate": "2023-12-29 19:00:00",
    "calendarYear": "2023",
    "period": "FY",
    "revenue": 2161736000000,
    "costOfRevenue": 986625000000,
    "grossProfit": 1175111000000,
    "grossProfitRatio": 0.5435959803,
    "researchAndDevelopmentExpenses": 182370000000,
    "generalAndAdministrativeExpenses": 60872800000,
    "sellingAndMarketingExpenses": 10590700000,
    "sellingGeneralAndAdministrativeExpenses": 71464000000,
    "otherExpenses": -189000000,
    "operatingExpenses": 253645000000,
    "costAndExpenses": 1240270000000,
    "interestIncome": 60293900000,
    "interestExpense": 11999400000,
    "depreciationAndAmortization": 532190900000,
    "ebitda": 1453656900000,
    "ebitdaratio": 0.6724488559,
    "operatingIncome": 921466000000,
    "operatingIncomeRatio": 0.4262620412,
    "totalOtherIncomeExpensesNet": 57705000000,
    "incomeBeforeTax": 979171000000,
    "incomeBeforeTaxRatio": 0.4529558651,
    "incomeTaxExpense": 141403000000,
    "netIncome": 838498000000,
    "netIncomeRatio": 0.3878817765,
    "eps": 32.85,
    "epsdiluted": 32.85,
    "weightedAverageShsOut": 25929200000,
    "weightedAverageShsOutDil": 25929267000,
    "link": "",
    "finalLink": ""
  },
  {
    "date": "2022-12-31",
    "symbol": "TSM",
    "reportedCurrency": "TWD",
    "cik": "0001046179",
    "fillingDate": "2022-12-31",
    "acceptedDate": "2022-12-30 19:00:00",
    "calendarYear": "2022",
    "period": "FY",
    "revenue": 2263891300000,
    "costOfRevenue": 915536500000,
    "grossProfit": 1348354800000,
    "grossProfitRatio": 0.59559167,
    "researchAndDevelopmentExpenses": 163262200000,
    "generalAndAdministrativeExpenses": 53524800000,
    "sellingAndMarketingExpenses": 9920500000,
    "sellingGeneralAndAdministrativeExpenses": 63445300000,
    "otherExpenses": 368400000,
    "operatingExpenses": 227075900000,
    "costAndExpenses": 1142612400000,
    "interestIncome": 22422200000,
    "interestExpense": 11750000000,
    "depreciationAndAmortization": 437254300000,
    "ebitda": 1593076500000,
    "ebitdaratio": 0.7036894837,
    "operatingIncome": 1121278900000,
    "operatingIncomeRatio": 0.4952883118,
    "totalOtherIncomeExpensesNet": 22793300000,
    "incomeBeforeTax": 1144072200000,
    "incomeBeforeTaxRatio": 0.5053565072,
    "incomeTaxExpense": 150777500000,
    "netIncome": 992923400000,
    "netIncomeRatio": 0.4385914642,
    "eps": 39.2,
    "epsdiluted": 39.2,
    "weightedAverageShsOut": 25929190000,
    "weightedAverageShsOutDil": 25929383000,
    "link": "",
    "finalLink": ""
  },
  {
    "date": "2021-12-31",
    "symbol": "TSM",
    "reportedCurrency": "TWD",
    "cik": "0001046179",
    "fillingDate": "2021-12-31",
    "acceptedDate": "2021-12-30 19:00:00",
    "calendarYear": "2021",
    "period": "FY",
    "revenue": 1587415000000,
    "costOfRevenue": 767877700000,
    "grossProfit": 819537300000,
    "grossProfitRatio": 0.5162716114,
    "researchAndDevelopmentExpenses": 124734800000,
    "generalAndAdministrativeExpenses": 36929600000,
    "sellingAndMarketingExpenses": 7558600000,
    "sellingGeneralAndAdministrativeExpenses": 44488200000,
    "otherExpenses": 333400000,
    "operatingExpenses": 169556400000,
    "costAndExpenses": 937434100000,
    "interestIncome": 5708800000,
    "interestExpense": 5414200000,
    "depreciationAndAmortization": 422394900000,
    "ebitda": 1090845100000,
    "ebitdaratio": 0.6871833138,
    "operatingIncome": 649980900000,
    "operatingIncomeRatio": 0.4094587112,
    "totalOtherIncomeExpensesNet": 13055100000,
    "incomeBeforeTax": 663036000000,
    "incomeBeforeTaxRatio": 0.4176828366,
    "incomeTaxExpense": 70155400000,
    "netIncome": 592359200000,
    "netIncomeRatio": 0.3731596337,
    "eps": 23.01,
    "epsdiluted": 23.01,
    "weightedAverageShsOut": 25930380000,
    "weightedAverageShsOutDil": 25930380000,
    "link": "",
    "finalLink": ""
  },
  {
    "date": "2020-12-31",
    "symbol": "TSM",
    "reportedCurrency": "TWD",
    "cik": "0001046179",
    "fillingDate": "2020-12-31",
    "acceptedDate": "2020-12-30 19:00:00",
    "calendarYear": "2020",
    "period": "FY",
    "revenue": 1339254800000,
    "costOfRevenue": 628124700000,
    "grossProfit": 711130100000,
    "grossProfitRatio": 0.530989398,
    "researchAndDevelopmentExpenses": 109486000000,
    "generalAndAdministrativeExpenses": 28457600000,
    "sellingAndMarketingExpenses": 7112800000,
    "sellingGeneralAndAdministrativeExpenses": 35570400000,
    "otherExpenses": -710000000,
    "operatingExpenses": 144346400000,
    "costAndExpenses": 772471100000,
    "interestIncome": 9018400000,
    "interestExpense": 2081500000,
    "depreciationAndAmortization": 331724600000,
    "ebitda": 918552400000,
    "ebitdaratio": 0.6858682903,
    "operatingIncome": 566783700000,
    "operatingIncomeRatio": 0.4232082648,
    "totalOtherIncomeExpensesNet": 17962600000,
    "incomeBeforeTax": 584746300000,
    "incomeBeforeTaxRatio": 0.436620649,
    "incomeTaxExpense": 73738300000,
    "netIncome": 510744000000,
    "netIncomeRatio": 0.3813643229,
    "eps": 19.97,
    "epsdiluted": 19.97,
    "weightedAverageShsOut": 25930380000,
    "weightedAverageShsOutDil": 25930380000,
    "link": "",
    "finalLink": ""
  },
  {
    "date": "2019-12-31",
    "symbol": "TSM",
    "reportedCurrency": "TWD",
    "cik": "0001046179",
    "fillingDate": "2019-12-31",
    "acceptedDate": "2019-12-30 19:00:00",
    "calendarYear": "2019",
    "period": "FY",
    "revenue": 1069985400000,
    "costOfRevenue": 577283500000,
    "grossProfit": 492701900000,
    "grossProfitRatio": 0.4604753485,
    "researchAndDevelopmentExpenses": 91418700000,
    "generalAndAdministrativeExpenses": 21737200000,
    "sellingAndMarketingExpenses": 6348600000,
    "sellingGeneralAndAdministrativeExpenses": 28085800000,
    "otherExpenses": 496300000,
    "operatingExpenses": 120000800000,
    "costAndExpenses": 697284300000,
    "interestIncome": 16189400000,
    "interestExpense": 3250900000,
    "depreciationAndAmortization": 286884200000,
    "ebitda": 679997200000,
    "ebitdaratio": 0.6355200735,
    "operatingIncome": 372701100000,
    "operatingIncomeRatio": 0.3483235379,
    "totalOtherIncomeExpensesNet": 17161000000,
    "incomeBeforeTax": 389862100000,
    "incomeBeforeTaxRatio": 0.3643620745,
    "incomeTaxExpense": 35835100000,
    "netIncome": 353948000000,
    "netIncomeRatio": 0.330797037,
    "eps": 13.32,
    "epsdiluted": 13.32,
    "weightedAverageShsOut": 25930380000,
    "weightedAverageShsOutDil": 25930380000,
    "link": "",
    "finalLink": ""
  },
  {
    "date": "2018-12-31",
    "symbol": "TSM",
    "reportedCurrency": "TWD",
    "cik": "0001046179",
    "fillingDate": "2018-12-31",
    "acceptedDate": "2018-12-30 19:00:00",
    "calendarYear": "2018",
    "period": "FY",
    "revenue": 1031361800000,
    "costOfRevenue": 533487500000,
    "grossProfit": 497874300000,
    "grossProfitRatio": 0.4827348657,
    "researchAndDevelopmentExpenses": 85895600000,
    "generalAndAdministrativeExpenses": 20265900000,
    "sellingAndMarketingExpenses": 5987800000,
    "sellingGeneralAndAdministrativeExpenses": 26253700000,
    "otherExpenses": 2101500000,
    "operatingExpenses": 114250800000,
    "costAndExpenses": 647738300000,
    "interestIncome": 14694400000,
    "interestExpense": 3051200000,
    "depreciationAndAmortization": 292546300000,
    "ebitda": 693140600000,
    "ebitdaratio": 0.6720634796,
    "operatingIncome": 383623500000,
    "operatingIncomeRatio": 0.3719582207,
    "totalOtherIncomeExpensesNet": 13919600000,
    "incomeBeforeTax": 397543100000,
    "incomeBeforeTaxRatio": 0.3854545514,
    "incomeTaxExpense": 34436900000,
    "netIncome": 363052700000,
    "netIncomeRatio": 0.3520129406,
    "eps": 13.54,
    "epsdiluted": 13.54,
    "weightedAverageShsOut": 25930380000,
    "weightedAverageShsOutDil": 25930380000,
    "link": "",
    "finalLink": ""
  },
  {
    "date": "2017-12-31",
    "symbol": "TSM",
    "reportedCurrency": "TWD",
    "cik": "0001046179",
    "fillingDate": "2017-12-31",
    "acceptedDate": "2017-12-30 19:00:00",
    "calendarYear": "2017",
    "period": "FY",
    "revenue": 977442600000,
    "costOfRevenue": 482616200000,
    "grossProfit": 494826400000,
    "grossProfitRatio": 0.5062459934,
    "researchAndDevelopmentExpenses": 80732500000,
    "generalAndAdministrativeExpenses": 21196700000,
    "sellingAndMarketingExpenses": 5972500000,
    "sellingGeneralAndAdministrativeExpenses": 27169200000,
    "otherExpenses": 1365500000,
    "operatingExpenses": 109267200000,
    "costAndExpenses": 591883400000,
    "interestIncome": 9464700000,
    "interestExpense": 3330300000,
    "depreciationAndAmortization": 260142700000,
    "ebitda": 659634900000,
    "ebitdaratio": 0.6748579405,
    "operatingIncome": 385559200000,
    "operatingIncomeRatio": 0.3944571272,
    "totalOtherIncomeExpensesNet": 10602700000,
    "incomeBeforeTax": 396161900000,
    "incomeBeforeTaxRatio": 0.4053045161,
    "incomeTaxExpense": 51122900000,
    "netIncome": 344998300000,
    "netIncomeRatio": 0.3529601636,
    "eps": 13.23,
    "epsdiluted": 13.23,
    "weightedAverageShsOut": 25930380000,
    "weightedAverageShsOutDil": 25930380000,
    "link": "",
    "finalLink": ""
  },
  {
    "date": "2016-12-31",
    "symbol": "TSM",
    "reportedCurrency": "TWD",
    "cik": "0001046179",
    "fillingDate": "2016-12-31",
    "acceptedDate": "2016-12-30 19:00:00",
    "calendarYear": "2016",
    "period": "FY",
    "revenue": 947909200000,
    "costOfRevenue": 473077100000,
    "grossProfit": 474832100000,
    "grossProfitRatio": 0.5009257216,
    "researchAndDevelopmentExpenses": 71207700000,
    "generalAndAdministrativeExpenses": 19795600000,
    "sellingAndMarketingExpenses": 5900800000,
    "sellingGeneralAndAdministrativeExpenses": 25696400000,
    "otherExpenses": -29800000,
    "operatingExpenses": 96874300000,
    "costAndExpenses": 569951400000,
    "interestIncome": 6317500000,
    "interestExpense": 3306100000,
    "depreciationAndAmortization": 223828400000,
    "ebitda": 613056200000,
    "ebitdaratio": 0.646745701,
    "operatingIncome": 377957800000,
    "operatingIncomeRatio": 0.3987278528,
    "totalOtherIncomeExpensesNet": 7963900000,
    "incomeBeforeTax": 385921700000,
    "incomeBeforeTaxRatio": 0.4071293959,
    "incomeTaxExpense": 54124400000,
    "netIncome": 331713700000,
    "netIncomeRatio": 0.3499424839,
    "eps": 12.89,
    "epsdiluted": 12.89,
    "weightedAverageShsOut": 25930380000,
    "weightedAverageShsOutDil": 25930380000,
    "link": "",
    "finalLink": ""
  },
  {
    "date": "2015-12-31",
    "symbol": "TSM",
    "reportedCurrency": "TWD",
    "cik": "0001046179",
    "fillingDate": "2015-12-31",
    "acceptedDate": "2015-12-30 19:00:00",
    "calendarYear": "2015",
    "period": "FY",
    "revenue": 843512500000,
    "costOfRevenue": 433117600000,
    "grossProfit": 410394900000,
    "grossProfitRatio": 0.486530905,
    "researchAndDevelopmentExpenses": 65544600000,
    "generalAndAdministrativeExpenses": 17257200000,
    "sellingAndMarketingExpenses": 5664700000,
    "sellingGeneralAndAdministrativeExpenses": 22921900000,
    "otherExpenses": 1880600000,
    "operatingExpenses": 90347100000,
    "costAndExpenses": 523464700000,
    "interestIncome": 4129300000,
    "interestExpense": 3190300000,
    "depreciationAndAmortization": 222505600000,
    "ebitda": 576173500000,
    "ebitdaratio": 0.6830645663,
    "operatingIncome": 320047800000,
    "operatingIncomeRatio": 0.3794227116,
    "totalOtherIncomeExpensesNet": 30429800000,
    "incomeBeforeTax": 350477600000,
    "incomeBeforeTaxRatio": 0.4154978142,
    "incomeTaxExpense": 47644700000,
    "netIncome": 302850900000,
    "netIncomeRatio": 0.3590354618,
    "eps": 11.82,
    "epsdiluted": 11.82,
    "weightedAverageShsOut": 25930288000,
    "weightedAverageShsOutDil": 25930380000,
    "link": "",
    "finalLink": ""
  }
]