[
  {
    "date": "2024-12-31",
    "symbol": "FI",
    "reportedCurrency": "USD",
    "cik": "0000798354",
    "fillingDate": "2025-02-20",
    "acceptedDate": "2025-02-20 07:34:30",
    "calendarYear": "2024",
    "period": "Q4",
    "revenue": 5251000000,
    "costOfRevenue": 2019000000,
    "grossProfit": 3232000000,
    "grossProfitRatio": 0.6155018092,
    "researchAndDevelopmentExpenses": 0,
    "generalAndAdministrativeExpenses": 0,
    "sellingAndMarketingExpenses": 0,
    "sellingGeneralAndAdministrativeExpenses": 1564000000,
    "otherExpenses": 0,
    "operatingExpenses": 1564000000,
    "costAndExpenses": 3583000000,
    "interestIncome": 11000000,
    "interestExpense": 334000000,
    "depreciationAndAmortization": 758000000,
    "ebitda": 2276000000,
    "ebitdaratio": 0.4334412493,
    "operatingIncome": 1668000000,
    "operatingIncomeRatio": 0.3176537802,
    "totalOtherIncomeExpensesNet": -484000000,
    "incomeBeforeTax": 1184000000,
    "incomeBeforeTaxRatio": 0.2254808608,
    "incomeTaxExpense": 193000000,
    "netIncome": 938000000,
    "netIncomeRatio": 0.1786326414,
    "eps": 1.64,
    "epsdiluted": 1.64,
    "weightedAverageShsOut": 571400000,
    "weightedAverageShsOutDil": 571400000,
    "link": "https://www.sec.gov/Archives/edgar/data/798354/000079835425000047/0000798354-25-000047-index.htm",
    "finalLink": "https://www.sec.gov/Archives/edgar/data/798354/000079835425000047/fi-20241231.htm"
  },
  {
    "date": "2024-09-30",
    "symbol": "FI",
    "reportedCurrency": "USD",
    "cik": "0000798354",
    "fillingDate": "2024-10-23",
    "acceptedDate": "2024-10-23 07:05:30",
    "calendarYear": "2024",
    "period": "Q3",
    "revenue": 5215000000,
    "costOfRevenue": 2008000000,
    "grossProfit": 3207000000,
    "grossProfitRatio": 0.6149568552,
    "researchAndDevelopmentExpenses": 0,
    "generalAndAdministrativeExpenses": 0,
    "sellingAndMarketingExpenses": 0,
    "sellingGeneralAndAdministrativeExpenses": 1606000000,
    "otherExpenses": 0,
    "operatingExpenses": 1606000000,
    "costAndExpenses": 3614000000,
    "interestIncome": 13000000,
    "interestExpense": 339000000,
    "depreciationAndAmortization": 844000000,
    "ebitda": 2454000000,
    "ebitdaratio": 0.4705656759,
    "operatingIncome": 1601000000,
    "operatingIncomeRatio": 0.3069990412,
    "totalOtherIncomeExpensesNet": -330000000,
    "incomeBeforeTax": 1271000000,
    "incomeBeforeTaxRatio": 0.2437200384,
    "incomeTaxExpense": 74000000,
    "netIncome": 564000000,
    "netIncomeRatio": 0.1081495686,
    "eps": 0.98,
    "epsdiluted": 0.98,
    "weightedAverageShsOut": 573700000,
    "weightedAverageShsOutDil": 576900000,
    "link": "https://www.sec.gov/Archives/edgar/data/798354/000079835424000190/0000798354-24-000190-index.htm",
    "finalLink": "https://www.sec.gov/Archives/edgar/data/798354/000079835424000190/fisv-20240930.htm"
  },
  {
    "date": "2024-06-30",
    "symbol": "FI",
    "reportedCurrency": "USD",
    "cik": "0000798354",
    "fillingDate": "2024-07-25",
    "acceptedDate": "2024-07-25 07:06:36",
    "calendarYear": "2024",
    "period": "Q2",
    "revenue": 5107000000,
    "costOfRevenue": 1983000000,
    "grossProfit": 3124000000,
    "grossProfitRatio": 0.6117094184,
    "researchAndDevelopmentExpenses": 0,
    "generalAndAdministrativeExpenses": 0,
    "sellingAndMarketingExpenses": 0,
    "sellingGeneralAndAdministrativeExpenses": 1697000000,
    "otherExpenses": -5000000,
    "operatingExpenses": 1697000000,
    "costAndExpenses": 3680000000,
    "interestIncome": 9000000,
    "interestExpense": 294000000,
    "depreciationAndAmortization": 705000000,
    "ebitda": 2137000000,
    "ebitdaratio": 0.4184452712,
    "operatingIncome": 1427000000,
    "operatingIncomeRatio": 0.2794204034,
    "totalOtherIncomeExpensesNet": -290000000,
    "incomeBeforeTax": 1138000000,
    "incomeBeforeTaxRatio": 0.2228314079,
    "incomeTaxExpense": 221000000,
    "netIncome": 894000000,
    "netIncomeRatio": 0.1750538477,
    "eps": 1.53,
    "epsdiluted": 1.53,
    "weightedAverageShsOut": 582700000,
    "weightedAverageShsOutDil": 585400000,
    "link": "https://www.sec.gov/Archives/edgar/data/798354/000079835424000156/0000798354-24-000156-index.htm",
    "finalLink": "https://www.sec.gov/Archives/edgar/data/798354/000079835424000156/fisv-20240630.htm"
  },
  {
    "date": "2024-03-31",
    "symbol": "FI",
    "reportedCurrency": "USD",
    "cik": "0000798354",
    "fillingDate": "2024-03-31",
    "acceptedDate": "2024-03-29 20:00:00",
    "calendarYear": "2024",
    "period": "Q1",
    "revenue": 4883000000,
    "costOfRevenue": 2006000000,
    "grossProfit": 2877000000,
    "grossProfitRatio": 0.5891869752,
    "researchAndDevelopmentExpenses": 0,
    "generalAndAdministrativeExpenses": 0,
    "sellingAndMarketingExpenses": 0,
    "sellingGeneralAndAdministrativeExpenses": 1697000000,
    "otherExpenses": -7000000,
    "operatingExpenses": 1697000000,
    "costAndExpenses": 3703000000,
    "interestIncome": 10000000,
    "interestExpense": 271000000,
    "depreciationAndAmortization": 774000000,
    "ebitda": 1954000000,
    "ebitdaratio": 0.4001638337,
    "operatingIncome": 1180000000,
    "operatingIncomeRatio": 0.2416547205,
    "totalOtherIncomeExpensesNet": -267000000,
    "incomeBeforeTax": 913000000,
    "incomeBeforeTaxRatio": 0.1869752202,
    "incomeTaxExpense": 153000000,
    "netIncome": 735000000,
    "netIncomeRatio": 0.1505222199,
    "eps": 1.24,
    "epsdiluted": 1.24,
    "weightedAverageShsOut": 590900000,
    "weightedAverageShsOutDil": 594800000,
    "link": null,
    "finalLink": null
  },
  {
    "date": "2023-12-31",
    "symbol": "FI",
    "reportedCurrency": "USD",
    "cik": "0000798354",
    "fillingDate": "2023-12-31",
    "acceptedDate": "2023-12-30 19:00:00",
    "calendarYear": "2023",
    "period": "Q4",
    "revenue": 4917000000,
    "costOfRevenue": 1270000000,
    "grossProfit": 3647000000,
    "grossProfitRatio": 0.7417124263,
    "researchAndDevelopmentExpenses": 0,
    "generalAndAdministrativeExpenses": 0,
    "sellingAndMarketingExpenses": 0,
    "sellingGeneralAndAdministrativeExpenses": 1624000000,
    "otherExpenses": -572000000,
    "operatingExpenses": 2196000000,
    "costAndExpenses": 3466000000,
    "interestIncome": 5000000,
    "interestExpense": 284000000,
    "depreciationAndAmortization": 767000000,
    "ebitda": 2218000000,
    "ebitdaratio": 0.4510880618,
    "operatingIncome": 1451000000,
    "operatingIncomeRatio": 0.2950986374,
    "totalOtherIncomeExpensesNet": -343000000,
    "incomeBeforeTax": 1103000000,
    "incomeBeforeTaxRatio": 0.2243237747,
    "incomeTaxExpense": 210000000,
    "netIncome": 870000000,
    "netIncomeRatio": 0.1769371568,
    "eps": 1.45,
    "epsdiluted": 1.44,
    "weightedAverageShsOut": 600618514,
    "weightedAverageShsOutDil": 602700000,
    "link": null,
    "finalLink": null
  },
  {
    "date": "2023-09-30",
    "symbol": "FI",
    "reportedCurrency": "USD",
    "cik": "0000798354",
    "fillingDate": "2023-09-30",
    "acceptedDate": "2023-09-30 00:00:00",
    "calendarYear": "2023",
    "period": "Q3",
    "revenue": 4873000000,
    "costOfRevenue": 1894000000,
    "grossProfit": 2979000000,
    "grossProfitRatio": 0.6113277242,
    "researchAndDevelopmentExpenses": 0,
    "generalAndAdministrativeExpenses": 0,
    "sellingAndMarketingExpenses": 0,
    "sellingGeneralAndAdministrativeExpenses": 1652000000,
    "otherExpenses": -35000000,
    "operatingExpenses": 1652000000,
    "costAndExpenses": 3546000000,
    "interestIncome": 10000000,
    "interestExpense": 258000000,
    "depreciationAndAmortization": 769000000,
    "ebitda": 2096000000,
    "ebitdaratio": 0.4301251796,
    "operatingIncome": 1503000000,
    "operatingIncomeRatio": 0.3084342294,
    "totalOtherIncomeExpensesNet": -293000000,
    "incomeBeforeTax": 1210000000,
    "incomeBeforeTaxRatio": 0.2483069977,
    "incomeTaxExpense": 239000000,
    "netIncome": 952000000,
    "netIncomeRatio": 0.1953621999,
    "eps": 1.57,
    "epsdiluted": 1.56,
    "weightedAverageShsOut": 606200000,
    "weightedAverageShsOutDil": 610300000,
    "link": null,
    "finalLink": null
  },
  {
    "date": "2023-06-30",
    "symbol": "FI",
    "reportedCurrency": "USD",
    "cik": "0000798354",
    "fillingDate": "2023-06-30",
    "acceptedDate": "2023-06-30 00:00:00",
    "calendarYear": "2023",
    "period": "Q2",
    "revenue": 4756000000,
    "costOfRevenue": 1929000000,
    "grossProfit": 2827000000,
    "grossProfitRatio": 0.5944070648,
    "researchAndDevelopmentExpenses": 0,
    "generalAndAdministrativeExpenses": 0,
    "sellingAndMarketingExpenses": 0,
    "sellingGeneralAndAdministrativeExpenses": 1696000000,
    "otherExpenses": -26000000,
    "operatingExpenses": 1696000000,
    "costAndExpenses": 3625000000,
    "interestIncome": 5000000,
    "interestExpense": 232000000,
    "depreciationAndAmortization": 800000000,
    "ebitda": 1931000000,
    "ebitdaratio": 0.4060134567,
    "operatingIncome": 1131000000,
    "operatingIncomeRatio": 0.237804878,
    "totalOtherIncomeExpensesNet": -258000000,
    "incomeBeforeTax": 873000000,
    "incomeBeforeTaxRatio": 0.1835576114,
    "incomeTaxExpense": 181000000,
    "netIncome": 683000000,
    "netIncomeRatio": 0.143608074,
    "eps": 1.11,
    "epsdiluted": 1.1,
    "weightedAverageShsOut": 615400000,
    "weightedAverageShsOutDil": 619200000,
    "link": null,
    "finalLink": null
  },
  {
    "date": "2023-03-31",
    "symbol": "FI",
    "reportedCurrency": "USD",
    "cik": "0000798354",
    "fillingDate": "2023-03-31",
    "acceptedDate": "2023-03-31 00:00:00",
    "calendarYear": "2023",
    "period": "Q1",
    "revenue": 4547000000,
    "costOfRevenue": 2005000000,
    "grossProfit": 2542000000,
    "grossProfitRatio": 0.559049923,
    "researchAndDevelopmentExpenses": 0,
    "generalAndAdministrativeExpenses": 0,
    "sellingAndMarketingExpenses": 0,
    "sellingGeneralAndAdministrativeExpenses": 1604000000,
    "otherExpenses": -20000000,
    "operatingExpenses": 1604000000,
    "costAndExpenses": 3609000000,
    "interestIncome": 8000000,
    "interestExpense": 202000000,
    "depreciationAndAmortization": 785000000,
    "ebitda": 1723000000,
    "ebitdaratio": 0.3789311634,
    "operatingIncome": 934000000,
    "operatingIncomeRatio": 0.2054101605,
    "totalOtherIncomeExpensesNet": -222000000,
    "incomeBeforeTax": 712000000,
    "incomeBeforeTaxRatio": 0.1565867605,
    "incomeTaxExpense": 124000000,
    "netIncome": 563000000,
    "netIncomeRatio": 0.1238179019,
    "eps": 0.9,
    "epsdiluted": 0.89,
    "weightedAverageShsOut": 626900000,
    "weightedAverageShsOutDil": 631300000,
    "link": null,
    "finalLink": null
  },
  {
    "date": "2022-12-31",
    "symbol": "FI",
    "reportedCurrency": "USD",
    "cik": "0000798354",
    "fillingDate": "2022-12-31",
    "acceptedDate": "2022-12-31 00:00:00",
    "calendarYear": "2022",
    "period": "Q4",
    "revenue": 4631000000,
    "costOfRevenue": 1980000000,
    "grossProfit": 2651000000,
    "grossProfitRatio": 0.5724465558,
    "researchAndDevelopmentExpenses": 0,
    "generalAndAdministrativeExpenses": 0,
    "sellingAndMarketingExpenses": 0,
    "sellingGeneralAndAdministrativeExpenses": 1499000000,
    "otherExpenses": -11000000,
    "operatingExpenses": 1499000000,
    "costAndExpenses": 3479000000,
    "interestIncome": 5000000,
    "interestExpense": 199000000,
    "depreciationAndAmortization": 771000000,
    "ebitda": 1937000000,
    "ebitdaratio": 0.4182681926,
    "operatingIncome": 1179000000,
    "operatingIncomeRatio": 0.2545886418,
    "totalOtherIncomeExpensesNet": -210000000,
    "incomeBeforeTax": 969000000,
    "incomeBeforeTaxRatio": 0.2092420643,
    "incomeTaxExpense": 169000000,
    "netIncome": 782000000,
    "netIncomeRatio": 0.1688620168,
    "eps": 1.23,
    "epsdiluted": 1.22,
    "weightedAverageShsOut": 635910974,
    "weightedAverageShsOutDil": 638600000,
    "link": null,
    "finalLink": null
  },
  {
    "date": "2022-09-30",
    "symbol": "FI",
    "reportedCurrency": "USD",
    "cik": "0000798354",
    "fillingDate": "2022-09-30",
    "acceptedDate": "2022-09-30 00:00:00",
    "calendarYear": "2022",
    "period": "Q3",
    "revenue": 4518000000,
    "costOfRevenue": 1996000000,
    "grossProfit": 2522000000,
    "grossProfitRatio": 0.5582115981,
    "researchAndDevelopmentExpenses": 0,
    "generalAndAdministrativeExpenses": 0,
    "sellingAndMarketingExpenses": 0,
    "sellingGeneralAndAdministrativeExpenses": 1547000000,
    "otherExpenses": -13000000,
    "operatingExpenses": 1547000000,
    "costAndExpenses": 3543000000,
    "interestIncome": 3000000,
    "interestExpense": 190000000,
    "depreciationAndAmortization": 790000000,
    "ebitda": 1765000000,
    "ebitdaratio": 0.3906595839,
    "operatingIncome": 855000000,
    "operatingIncomeRatio": 0.1892430279,
    "totalOtherIncomeExpensesNet": -203000000,
    "incomeBeforeTax": 652000000,
    "incomeBeforeTaxRatio": 0.1443116423,
    "incomeTaxExpense": 147000000,
    "netIncome": 481000000,
    "netIncomeRatio": 0.1064630367,
    "eps": 0.76,
    "epsdiluted": 0.75,
    "weightedAverageShsOut": 636000000,
    "weightedAverageShsOutDil": 645000000,
    "link": null,
    "finalLink": null
  },
  {
    "date": "2022-06-30",
    "symbol": "FI",
    "reportedCurrency": "USD",
    "cik": "0000798354",
    "fillingDate": "2022-06-30",
    "acceptedDate": "2022-06-30 00:00:00",
    "calendarYear": "2022",
    "period": "Q2",
    "revenue": 4450000000,
    "costOfRevenue": 2044000000,
    "grossProfit": 2406000000,
    "grossProfitRatio": 0.5406741573,
    "researchAndDevelopmentExpenses": 0,
    "generalAndAdministrativeExpenses": 0,
    "sellingAndMarketingExpenses": 0,
    "sellingGeneralAndAdministrativeExpenses": 1546000000,
    "otherExpenses": -66000000,
    "operatingExpenses": 1546000000,
    "costAndExpenses": 3590000000,
    "interestIncome": 2000000,
    "interestExpense": 176000000,
    "depreciationAndAmortization": 809000000,
    "ebitda": 1669000000,
    "ebitdaratio": 0.3750561798,
    "operatingIncome": 860000000,
    "operatingIncomeRatio": 0.193258427,
    "totalOtherIncomeExpensesNet": -242000000,
    "incomeBeforeTax": 618000000,
    "incomeBeforeTaxRatio": 0.1388764045,
    "incomeTaxExpense": 137000000,
    "netIncome": 598000000,
    "netIncomeRatio": 0.1343820225,
    "eps": 0.93,
    "epsdiluted": 0.92,
    "weightedAverageShsOut": 643000000,
    "weightedAverageShsOutDil": 650800000,
    "link": null,
    "finalLink": null
  },
  {
    "date": "2022-03-31",
    "symbol": "FI",
    "reportedCurrency": "USD",
    "cik": "0000798354",
    "fillingDate": "2022-03-31",
    "acceptedDate": "2022-03-31 00:00:00",
    "calendarYear": "2022",
    "period": "Q1",
    "revenue": 4138000000,
    "costOfRevenue": 1972000000,
    "grossProfit": 2166000000,
    "grossProfitRatio": 0.523441276,
    "researchAndDevelopmentExpenses": 0,
    "generalAndAdministrativeExpenses": 0,
    "sellingAndMarketingExpenses": 0,
    "sellingGeneralAndAdministrativeExpenses": 1467000000,
    "otherExpenses": -4000000,
    "operatingExpenses": 1467000000,
    "costAndExpenses": 3439000000,
    "interestIncome": 3000000,
    "interestExpense": 168000000,
    "depreciationAndAmortization": 799000000,
    "ebitda": 1498000000,
    "ebitdaratio": 0.3620106332,
    "operatingIncome": 846000000,
    "operatingIncomeRatio": 0.2044465926,
    "totalOtherIncomeExpensesNet": -172000000,
    "incomeBeforeTax": 674000000,
    "incomeBeforeTaxRatio": 0.1628806187,
    "incomeTaxExpense": 98000000,
    "netIncome": 669000000,
    "netIncomeRatio": 0.1616723055,
    "eps": 1.03,
    "epsdiluted": 1.02,
    "weightedAverageShsOut": 647000000,
    "weightedAverageShsOutDil": 657200000,
    "link": null,
    "finalLink": null
  },
  {
    "date": "2021-12-31",
    "symbol": "FI",
    "reportedCurrency": "USD",
    "cik": "0000798354",
    "fillingDate": "2021-12-31",
    "acceptedDate": "2021-12-31 00:00:00",
    "calendarYear": "2021",
    "period": "Q4",
    "revenue": 4257000000,
    "costOfRevenue": 2203000000,
    "grossProfit": 2054000000,
    "grossProfitRatio": 0.4824994127,
    "researchAndDevelopmentExpenses": 0,
    "generalAndAdministrativeExpenses": 0,
    "sellingAndMarketingExpenses": 0,
    "sellingGeneralAndAdministrativeExpenses": 1521000000,
    "otherExpenses": 35000000,
    "operatingExpenses": 1521000000,
    "costAndExpenses": 3724000000,
    "interestIncome": 0,
    "interestExpense": 170000000,
    "depreciationAndAmortization": 631000000,
    "ebitda": 1195000000,
    "ebitdaratio": 0.2807141179,
    "operatingIncome": 533000000,
    "operatingIncomeRatio": 0.1252055438,
    "totalOtherIncomeExpensesNet": -135000000,
    "incomeBeforeTax": 398000000,
    "incomeBeforeTaxRatio": 0.0934930702,
    "incomeTaxExpense": 63000000,
    "netIncome": 333000000,
    "netIncomeRatio": 0.0782241015,
    "eps": 0.51,
    "epsdiluted": 0.5,
    "weightedAverageShsOut": 650000000,
    "weightedAverageShsOutDil": 663900000,
    "link": null,
    "finalLink": null
  },
  {
    "date": "2021-09-30",
    "symbol": "FI",
    "reportedCurrency": "USD",
    "cik": "0000798354",
    "fillingDate": "2021-09-30",
    "acceptedDate": "2021-09-30 00:00:00",
    "calendarYear": "2021",
    "period": "Q3",
    "revenue": 4163000000,
    "costOfRevenue": 2051000000,
    "grossProfit": 2112000000,
    "grossProfitRatio": 0.5073264473,
    "researchAndDevelopmentExpenses": 0,
    "generalAndAdministrativeExpenses": 0,
    "sellingAndMarketingExpenses": 0,
    "sellingGeneralAndAdministrativeExpenses": 1476000000,
    "otherExpenses": 14000000,
    "operatingExpenses": 1476000000,
    "costAndExpenses": 3527000000,
    "interestIncome": 1000000,
    "interestExpense": 172000000,
    "depreciationAndAmortization": 805000000,
    "ebitda": 1441000000,
    "ebitdaratio": 0.3461446073,
    "operatingIncome": 636000000,
    "operatingIncomeRatio": 0.1527744415,
    "totalOtherIncomeExpensesNet": -158000000,
    "incomeBeforeTax": 478000000,
    "incomeBeforeTaxRatio": 0.1148210425,
    "incomeTaxExpense": 54000000,
    "netIncome": 428000000,
    "netIncomeRatio": 0.1028104732,
    "eps": 0.65,
    "epsdiluted": 0.64,
    "weightedAverageShsOut": 661400000,
    "weightedAverageShsOutDil": 669700000,
    "link": null,
    "finalLink": null
  },
  {
    "date": "2021-06-30",
    "symbol": "FI",
    "reportedCurrency": "USD",
    "cik": "0000798354",
    "fillingDate": "2021-08-06",
    "acceptedDate": "2021-08-05 17:46:54",
    "calendarYear": "2021",
    "period": "Q2",
    "revenue": 4051000000,
    "costOfRevenue": 1967000000,
    "grossProfit": 2084000000,
    "grossProfitRatio": 0.5144408788,
    "researchAndDevelopmentExpenses": 0,
    "generalAndAdministrativeExpenses": 16427000,
    "sellingAndMarketingExpenses": 1423573000,
    "sellingGeneralAndAdministrativeExpenses": 1440000000,
    "otherExpenses": 1000000,
    "operatingExpenses": 1440000000,
    "costAndExpenses": 3407000000,
    "interestIncome": 1000000,
    "interestExpense": 175000000,
    "depreciationAndAmortization": 813000000,
    "ebitda": 1457000000,
    "ebitdaratio": 0.3596642804,
    "operatingIncome": 644000000,
    "operatingIncomeRatio": 0.1589730931,
    "totalOtherIncomeExpensesNet": -174000000,
    "incomeBeforeTax": 470000000,
    "incomeBeforeTaxRatio": 0.1160207356,
    "incomeTaxExpense": 228000000,
    "netIncome": 269000000,
    "netIncomeRatio": 0.0664033572,
    "eps": 0.41,
    "epsdiluted": 0.4,
    "weightedAverageShsOut": 663700000,
    "weightedAverageShsOutDil": 672700000,
    "link": "https://www.sec.gov/Archives/edgar/data/1575828/000143774921018804/0001437749-21-018804-index.htm",
    "finalLink": "https://www.sec.gov/Archives/edgar/data/1575828/000143774921018804/fi20210630_10q.htm"
  },
  {
    "date": "2021-03-31",
    "symbol": "FI",
    "reportedCurrency": "USD",
    "cik": "0000798354",
    "fillingDate": "2021-05-04",
    "acceptedDate": "2021-05-04 16:07:12",
    "calendarYear": "2021",
    "period": "Q1",
    "revenue": 3755000000,
    "costOfRevenue": 1907000000,
    "grossProfit": 1848000000,
    "grossProfitRatio": 0.4921438083,
    "researchAndDevelopmentExpenses": 0,
    "generalAndAdministrativeExpenses": 16447000,
    "sellingAndMarketingExpenses": 1356553000,
    "sellingGeneralAndAdministrativeExpenses": 1373000000,
    "otherExpenses": 21000000,
    "operatingExpenses": 1373000000,
    "costAndExpenses": 3280000000,
    "interestIncome": 1000000,
    "interestExpense": 176000000,
    "depreciationAndAmortization": 797000000,
    "ebitda": 1272000000,
    "ebitdaratio": 0.3387483356,
    "operatingIncome": 475000000,
    "operatingIncomeRatio": 0.1264980027,
    "totalOtherIncomeExpensesNet": -155000000,
    "incomeBeforeTax": 320000000,
    "incomeBeforeTaxRatio": 0.0852197071,
    "incomeTaxExpense": 18000000,
    "netIncome": 304000000,
    "netIncomeRatio": 0.0809587217,
    "eps": 0.45,
    "epsdiluted": 0.45,
    "weightedAverageShsOut": 668600000,
    "weightedAverageShsOutDil": 679900000,
    "link": "https://www.sec.gov/Archives/edgar/data/1575828/000157582821000020/0001575828-21-000020-index.htm",
    "finalLink": "https://www.sec.gov/Archives/edgar/data/1575828/000157582821000020/fi-20210331.htm"
  },
  {
    "date": "2020-12-31",
    "symbol": "FI",
    "reportedCurrency": "USD",
    "cik": "0000798354",
    "fillingDate": "2021-03-01",
    "acceptedDate": "2021-03-01 12:52:25",
    "calendarYear": "2020",
    "period": "Q4",
    "revenue": 3832000000,
    "costOfRevenue": 1857000000,
    "grossProfit": 1975000000,
    "grossProfitRatio": 0.5153966597,
    "researchAndDevelopmentExpenses": 0,
    "generalAndAdministrativeExpenses": 14623000,
    "sellingAndMarketingExpenses": 1444377000,
    "sellingGeneralAndAdministrativeExpenses": 1459000000,
    "otherExpenses": -6000000,
    "operatingExpenses": 1459000000,
    "costAndExpenses": 3316000000,
    "interestIncome": 0,
    "interestExpense": 174000000,
    "depreciationAndAmortization": 774000000,
    "ebitda": 1284000000,
    "ebitdaratio": 0.3350730689,
    "operatingIncome": 516000000,
    "operatingIncomeRatio": 0.1346555324,
    "totalOtherIncomeExpensesNet": -180000000,
    "incomeBeforeTax": 336000000,
    "incomeBeforeTaxRatio": 0.0876826722,
    "incomeTaxExpense": 20000000,
    "netIncome": 300000000,
    "netIncomeRatio": 0.0782881002,
    "eps": 0.45,
    "epsdiluted": 0.44,
    "weightedAverageShsOut": 669100000,
    "weightedAverageShsOutDil": 681200000,
    "link": "https://www.sec.gov/Archives/edgar/data/1575828/000157582821000009/0001575828-21-000009-index.htm",
    "finalLink": "https://www.sec.gov/Archives/edgar/data/1575828/000157582821000009/fi-20201231.htm"
  },
  {
    "date": "2020-09-30",
    "symbol": "FI",
    "reportedCurrency": "USD",
    "cik": "0000798354",
    "fillingDate": "2020-11-03",
    "acceptedDate": "2020-11-03 16:34:02",
    "calendarYear": "2020",
    "period": "Q3",
    "revenue": 3786000000,
    "costOfRevenue": 1868000000,
    "grossProfit": 1918000000,
    "grossProfitRatio": 0.5066032752,
    "researchAndDevelopmentExpenses": 0,
    "generalAndAdministrativeExpenses": 18665000,
    "sellingAndMarketingExpenses": 1393335000,
    "sellingGeneralAndAdministrativeExpenses": 1412000000,
    "otherExpenses": 13000000,
    "operatingExpenses": 1412000000,
    "costAndExpenses": 3280000000,
    "interestIncome": 2000000,
    "interestExpense": 174000000,
    "depreciationAndAmortization": 787000000,
    "ebitda": 1343000000,
    "ebitdaratio": 0.3547279451,
    "operatingIncome": 542000000,
    "operatingIncomeRatio": 0.1431590069,
    "totalOtherIncomeExpensesNet": -161000000,
    "incomeBeforeTax": 381000000,
    "incomeBeforeTaxRatio": 0.1006339144,
    "incomeTaxExpense": 124000000,
    "netIncome": 264000000,
    "netIncomeRatio": 0.0697305864,
    "eps": 0.39,
    "epsdiluted": 0.39,
    "weightedAverageShsOut": 669800000,
    "weightedAverageShsOutDil": 680300000,
    "link": "https://www.sec.gov/Archives/edgar/data/1575828/000157582820000034/0001575828-20-000034-index.htm",
    "finalLink": "https://www.sec.gov/Archives/edgar/data/1575828/000157582820000034/fi-20200930.htm"
  },
  {
    "date": "2020-06-30",
    "symbol": "FI",
    "reportedCurrency": "USD",
    "cik": "0000798354",
    "fillingDate": "2020-08-04",
    "acceptedDate": "2020-08-04 16:50:35",
    "calendarYear": "2020",
    "period": "Q2",
    "revenue": 3465000000,
    "costOfRevenue": 1920000000,
    "grossProfit": 1545000000,
    "grossProfitRatio": 0.4458874459,
    "researchAndDevelopmentExpenses": 0,
    "generalAndAdministrativeExpenses": 22286000,
    "sellingAndMarketingExpenses": 1354714000,
    "sellingGeneralAndAdministrativeExpenses": 1377000000,
    "otherExpenses": 1000000,
    "operatingExpenses": 1377000000,
    "costAndExpenses": 3297000000,
    "interestIncome": 178000,
    "interestExpense": 174000000,
    "depreciationAndAmortization": 817000000,
    "ebitda": 985000000,
    "ebitdaratio": 0.2842712843,
    "operatingIncome": 165000000,
    "operatingIncomeRatio": 0.0476190476,
    "totalOtherIncomeExpensesNet": -173000000,
    "incomeBeforeTax": -8000000,
    "incomeBeforeTaxRatio": -0.0023088023,
    "incomeTaxExpense": -27000000,
    "netIncome": 2000000,
    "netIncomeRatio": 0.0005772006,
    "eps": 0.003,
    "epsdiluted": 0.0029,
    "weightedAverageShsOut": 670000000,
    "weightedAverageShsOutDil": 680800000,
    "link": "https://www.sec.gov/Archives/edgar/data/1575828/000157582820000023/0001575828-20-000023-index.htm",
    "finalLink": "https://www.sec.gov/Archives/edgar/data/1575828/000157582820000023/fi-20200630.htm"
  },
  {
    "date": "2020-03-31",
    "symbol": "FI",
    "reportedCurrency": "USD",
    "cik": "0000798354",
    "fillingDate": "2020-05-11",
    "acceptedDate": "2020-05-11 16:41:01",
    "calendarYear": "2020",
    "period": "Q1",
    "revenue": 3769000000,
    "costOfRevenue": 2167000000,
    "grossProfit": 1602000000,
    "grossProfitRatio": 0.4250464314,
    "researchAndDevelopmentExpenses": 0,
    "generalAndAdministrativeExpenses": 26683000,
    "sellingAndMarketingExpenses": 1377317000,
    "sellingGeneralAndAdministrativeExpenses": 1404000000,
    "otherExpenses": 20000000,
    "operatingExpenses": 1404000000,
    "costAndExpenses": 3571000000,
    "interestIncome": 533000,
    "interestExpense": 187000000,
    "depreciationAndAmortization": 832000000,
    "ebitda": 1479000000,
    "ebitdaratio": 0.3924117803,
    "operatingIncome": 629000000,
    "operatingIncomeRatio": 0.1668877686,
    "totalOtherIncomeExpensesNet": -167000000,
    "incomeBeforeTax": 462000000,
    "incomeBeforeTaxRatio": 0.1225789334,
    "incomeTaxExpense": 79000000,
    "netIncome": 392000000,
    "netIncomeRatio": 0.1040063677,
    "eps": 0.58,
    "epsdiluted": 0.57,
    "weightedAverageShsOut": 678100000,
    "weightedAverageShsOutDil": 691200000,
    "link": "https://www.sec.gov/Archives/edgar/data/1575828/000157582820000015/0001575828-20-000015-index.htm",
    "finalLink": "https://www.sec.gov/Archives/edgar/data/1575828/000157582820000015/a3312020-documentfy20q.htm"
  }
]