[
  {
    "date": "2024-12-31",
    "symbol": "FI",
    "reportedCurrency": "USD",
    "cik": "0000798354",
    "fillingDate": "2025-02-20",
    "acceptedDate": "2025-02-20 07:34:30",
    "calendarYear": "2024",
    "period": "FY",
    "revenue": 20456000000,
    "costOfRevenue": 8013000000,
    "grossProfit": 12443000000,
    "grossProfitRatio": 0.6082811889,
    "researchAndDevelopmentExpenses": 0,
    "generalAndAdministrativeExpenses": 0,
    "sellingAndMarketingExpenses": 0,
    "sellingGeneralAndAdministrativeExpenses": 6564000000,
    "otherExpenses": 0,
    "operatingExpenses": 6564000000,
    "costAndExpenses": 14577000000,
    "interestIncome": 43000000,
    "interestExpense": 1238000000,
    "depreciationAndAmortization": 135000000,
    "ebitda": 5879000000,
    "ebitdaratio": 0.2873973406,
    "operatingIncome": 5879000000,
    "operatingIncomeRatio": 0.2873973406,
    "totalOtherIncomeExpensesNet": -1373000000,
    "incomeBeforeTax": 4506000000,
    "incomeBeforeTaxRatio": 0.2202776691,
    "incomeTaxExpense": 641000000,
    "netIncome": 3131000000,
    "netIncomeRatio": 0.1530602268,
    "eps": 5.41,
    "epsdiluted": 5.38,
    "weightedAverageShsOut": 578700000,
    "weightedAverageShsOutDil": 582100000,
    "link": "https://www.sec.gov/Archives/edgar/data/798354/000079835425000047/0000798354-25-000047-index.htm",
    "finalLink": "https://www.sec.gov/Archives/edgar/data/798354/000079835425000047/fi-20241231.htm"
  },
  {
    "date": "2023-12-31",
    "symbol": "FI",
    "reportedCurrency": "USD",
    "cik": "0000798354",
    "fillingDate": "2023-12-31",
    "acceptedDate": "2023-12-29 19:00:00",
    "calendarYear": "2023",
    "period": "FY",
    "revenue": 19093000000,
    "costOfRevenue": 7670000000,
    "grossProfit": 11423000000,
    "grossProfitRatio": 0.5982820929,
    "researchAndDevelopmentExpenses": 0,
    "generalAndAdministrativeExpenses": 0,
    "sellingAndMarketingExpenses": 0,
    "sellingGeneralAndAdministrativeExpenses": 6576000000,
    "otherExpenses": -167000000,
    "operatingExpenses": 6409000000,
    "costAndExpenses": 14079000000,
    "interestIncome": 28000000,
    "interestExpense": 1004000000,
    "depreciationAndAmortization": 2926000000,
    "ebitda": 7813000000,
    "ebitdaratio": 0.409207563,
    "operatingIncome": 4851000000,
    "operatingIncomeRatio": 0.254072173,
    "totalOtherIncomeExpensesNet": -953000000,
    "incomeBeforeTax": 3898000000,
    "incomeBeforeTaxRatio": 0.2041585922,
    "incomeTaxExpense": 754000000,
    "netIncome": 3068000000,
    "netIncomeRatio": 0.1606871628,
    "eps": 5.02,
    "epsdiluted": 4.98,
    "weightedAverageShsOut": 611700000,
    "weightedAverageShsOutDil": 615900000,
    "link": null,
    "finalLink": null
  },
  {
    "date": "2022-12-31",
    "symbol": "FI",
    "reportedCurrency": "USD",
    "cik": "0000798354",
    "fillingDate": "2022-12-31",
    "acceptedDate": "2022-12-31 00:00:00",
    "calendarYear": "2022",
    "period": "FY",
    "revenue": 17737000000,
    "costOfRevenue": 7992000000,
    "grossProfit": 9745000000,
    "grossProfitRatio": 0.549416474,
    "researchAndDevelopmentExpenses": 0,
    "generalAndAdministrativeExpenses": 0,
    "sellingAndMarketingExpenses": 0,
    "sellingGeneralAndAdministrativeExpenses": 6059000000,
    "otherExpenses": -94000000,
    "operatingExpenses": 6059000000,
    "costAndExpenses": 14051000000,
    "interestIncome": 13000000,
    "interestExpense": 733000000,
    "depreciationAndAmortization": 2996000000,
    "ebitda": 6636000000,
    "ebitdaratio": 0.374133168,
    "operatingIncome": 3740000000,
    "operatingIncomeRatio": 0.210858657,
    "totalOtherIncomeExpensesNet": -827000000,
    "incomeBeforeTax": 2913000000,
    "incomeBeforeTaxRatio": 0.1642329594,
    "incomeTaxExpense": 551000000,
    "netIncome": 2530000000,
    "netIncomeRatio": 0.1426396798,
    "eps": 3.94,
    "epsdiluted": 3.9,
    "weightedAverageShsOut": 642300000,
    "weightedAverageShsOutDil": 647900000,
    "link": null,
    "finalLink": null
  },
  {
    "date": "2021-12-31",
    "symbol": "FI",
    "reportedCurrency": "USD",
    "cik": "0000798354",
    "fillingDate": "2021-12-31",
    "acceptedDate": "2021-12-31 00:00:00",
    "calendarYear": "2021",
    "period": "FY",
    "revenue": 16226000000,
    "costOfRevenue": 8128000000,
    "grossProfit": 8098000000,
    "grossProfitRatio": 0.4990755577,
    "researchAndDevelopmentExpenses": 0,
    "generalAndAdministrativeExpenses": 0,
    "sellingAndMarketingExpenses": 0,
    "sellingGeneralAndAdministrativeExpenses": 5810000000,
    "otherExpenses": 71000000,
    "operatingExpenses": 5810000000,
    "costAndExpenses": 13938000000,
    "interestIncome": 3000000,
    "interestExpense": 693000000,
    "depreciationAndAmortization": 3046000000,
    "ebitda": 5392000000,
    "ebitdaratio": 0.3323061753,
    "operatingIncome": 2288000000,
    "operatingIncomeRatio": 0.1410082584,
    "totalOtherIncomeExpensesNet": -622000000,
    "incomeBeforeTax": 1666000000,
    "incomeBeforeTaxRatio": 0.1026747196,
    "incomeTaxExpense": 363000000,
    "netIncome": 1334000000,
    "netIncomeRatio": 0.082213731,
    "eps": 2.01,
    "epsdiluted": 1.99,
    "weightedAverageShsOut": 662600000,
    "weightedAverageShsOutDil": 671600000,
    "link": null,
    "finalLink": null
  },
  {
    "date": "2020-12-31",
    "symbol": "FI",
    "reportedCurrency": "USD",
    "cik": "0000798354",
    "fillingDate": "2020-12-31",
    "acceptedDate": "2020-12-31 00:00:00",
    "calendarYear": "2020",
    "period": "FY",
    "revenue": 14852000000,
    "costOfRevenue": 7812000000,
    "grossProfit": 7040000000,
    "grossProfitRatio": 0.4740102343,
    "researchAndDevelopmentExpenses": 0,
    "generalAndAdministrativeExpenses": 0,
    "sellingAndMarketingExpenses": 0,
    "sellingGeneralAndAdministrativeExpenses": 5652000000,
    "otherExpenses": 28000000,
    "operatingExpenses": 5652000000,
    "costAndExpenses": 13464000000,
    "interestIncome": 7000000,
    "interestExpense": 709000000,
    "depreciationAndAmortization": 3092000000,
    "ebitda": 4963000000,
    "ebitdaratio": 0.334163749,
    "operatingIncome": 1416000000,
    "operatingIncomeRatio": 0.0953406949,
    "totalOtherIncomeExpensesNet": -681000000,
    "incomeBeforeTax": 1171000000,
    "incomeBeforeTaxRatio": 0.0788446001,
    "incomeTaxExpense": 196000000,
    "netIncome": 958000000,
    "netIncomeRatio": 0.0645030972,
    "eps": 1.43,
    "epsdiluted": 1.4,
    "weightedAverageShsOut": 672100000,
    "weightedAverageShsOutDil": 683400000,
    "link": null,
    "finalLink": null
  },
  {
    "date": "2019-12-31",
    "symbol": "FI",
    "reportedCurrency": "USD",
    "cik": "0000798354",
    "fillingDate": "2019-12-31",
    "acceptedDate": "2019-12-31 00:00:00",
    "calendarYear": "2019",
    "period": "FY",
    "revenue": 10187000000,
    "costOfRevenue": 5309000000,
    "grossProfit": 4878000000,
    "grossProfitRatio": 0.4788455875,
    "researchAndDevelopmentExpenses": 0,
    "generalAndAdministrativeExpenses": 0,
    "sellingAndMarketingExpenses": 0,
    "sellingGeneralAndAdministrativeExpenses": 3284000000,
    "otherExpenses": -6000000,
    "operatingExpenses": 3284000000,
    "costAndExpenses": 8593000000,
    "interestIncome": 34000000,
    "interestExpense": 473000000,
    "depreciationAndAmortization": 1546000000,
    "ebitda": 3126000000,
    "ebitdaratio": 0.3068616865,
    "operatingIncome": 1609000000,
    "operatingIncomeRatio": 0.1579464023,
    "totalOtherIncomeExpensesNet": -526000000,
    "incomeBeforeTax": 1083000000,
    "incomeBeforeTaxRatio": 0.1063119662,
    "incomeTaxExpense": 198000000,
    "netIncome": 893000000,
    "netIncomeRatio": 0.0876607441,
    "eps": 1.74,
    "epsdiluted": 1.71,
    "weightedAverageShsOut": 512299999,
    "weightedAverageShsOutDil": 522600000,
    "link": null,
    "finalLink": null
  },
  {
    "date": "2018-12-31",
    "symbol": "FI",
    "reportedCurrency": "USD",
    "cik": "0000798354",
    "fillingDate": "2019-02-25",
    "acceptedDate": "2019-02-25 17:19:53",
    "calendarYear": "2018",
    "period": "FY",
    "revenue": 5823000000,
    "costOfRevenue": 3069000000,
    "grossProfit": 2754000000,
    "grossProfitRatio": 0.4729520866,
    "researchAndDevelopmentExpenses": 0,
    "generalAndAdministrativeExpenses": 155584000,
    "sellingAndMarketingExpenses": 1072416000,
    "sellingGeneralAndAdministrativeExpenses": 1228000000,
    "otherExpenses": 9000000,
    "operatingExpenses": 1228000000,
    "costAndExpenses": 4297000000,
    "interestIncome": 0,
    "interestExpense": 189000000,
    "depreciationAndAmortization": 556000000,
    "ebitda": 2300000000,
    "ebitdaratio": 0.3949854027,
    "operatingIncome": 1753000000,
    "operatingIncomeRatio": 0.30104757,
    "totalOtherIncomeExpensesNet": -198000000,
    "incomeBeforeTax": 1555000000,
    "incomeBeforeTaxRatio": 0.2670444788,
    "incomeTaxExpense": 378000000,
    "netIncome": 1187000000,
    "netIncomeRatio": 0.2038468144,
    "eps": 2.93,
    "epsdiluted": 2.87,
    "weightedAverageShsOut": 405500000,
    "weightedAverageShsOutDil": 413700000,
    "link": "https://www.sec.gov/Archives/edgar/data/1575828/000157582819000007/0001575828-19-000007-index.html",
    "finalLink": "https://www.sec.gov/Archives/edgar/data/1575828/000157582819000007/a12312018-documentfy1810xk.htm"
  },
  {
    "date": "2017-12-31",
    "symbol": "FI",
    "reportedCurrency": "USD",
    "cik": "0000798354",
    "fillingDate": "2018-02-27",
    "acceptedDate": "2018-02-27 16:54:32",
    "calendarYear": "2017",
    "period": "FY",
    "revenue": 5696000000,
    "costOfRevenue": 3024000000,
    "grossProfit": 2672000000,
    "grossProfitRatio": 0.4691011236,
    "researchAndDevelopmentExpenses": 0,
    "generalAndAdministrativeExpenses": 163704000,
    "sellingAndMarketingExpenses": 986296000,
    "sellingGeneralAndAdministrativeExpenses": 1150000000,
    "otherExpenses": 122102000,
    "operatingExpenses": 1150000000,
    "costAndExpenses": 4174000000,
    "interestIncome": 2000000,
    "interestExpense": 176000000,
    "depreciationAndAmortization": 433000000,
    "ebitda": 1961000000,
    "ebitdaratio": 0.3442766854,
    "operatingIncome": 1532000000,
    "operatingIncomeRatio": 0.2689606742,
    "totalOtherIncomeExpensesNet": -174000000,
    "incomeBeforeTax": 1358000000,
    "incomeBeforeTaxRatio": 0.2384129213,
    "incomeTaxExpense": 158000000,
    "netIncome": 1246000000,
    "netIncomeRatio": 0.21875,
    "eps": 3,
    "epsdiluted": 2.89,
    "weightedAverageShsOut": 415200000,
    "weightedAverageShsOutDil": 431200000,
    "link": "https://www.sec.gov/Archives/edgar/data/1575828/000157582818000007/0001575828-18-000007-index.html",
    "finalLink": "https://www.sec.gov/Archives/edgar/data/1575828/000157582818000007/a12312017-documentfy1710xk.htm"
  },
  {
    "date": "2016-12-31",
    "symbol": "FI",
    "reportedCurrency": "USD",
    "cik": "0000798354",
    "fillingDate": "2017-02-24",
    "acceptedDate": "2017-02-24 16:02:08",
    "calendarYear": "2016",
    "period": "FY",
    "revenue": 5505000000,
    "costOfRevenue": 2959000000,
    "grossProfit": 2546000000,
    "grossProfitRatio": 0.4624886467,
    "researchAndDevelopmentExpenses": 106000000,
    "generalAndAdministrativeExpenses": 228802000,
    "sellingAndMarketingExpenses": 872198000,
    "sellingGeneralAndAdministrativeExpenses": 1101000000,
    "otherExpenses": 114215000,
    "operatingExpenses": 1101000000,
    "costAndExpenses": 4060000000,
    "interestIncome": 0,
    "interestExpense": 170000000,
    "depreciationAndAmortization": 411000000,
    "ebitda": 1856000000,
    "ebitdaratio": 0.3371480472,
    "operatingIncome": 1445000000,
    "operatingIncomeRatio": 0.2624886467,
    "totalOtherIncomeExpensesNet": -170000000,
    "incomeBeforeTax": 1275000000,
    "incomeBeforeTaxRatio": 0.2316076294,
    "incomeTaxExpense": 492000000,
    "netIncome": 930000000,
    "netIncomeRatio": 0.1689373297,
    "eps": 2.16,
    "epsdiluted": 2.08,
    "weightedAverageShsOut": 431000000,
    "weightedAverageShsOutDil": 447800000,
    "link": "https://www.sec.gov/Archives/edgar/data/1575828/000157582817000007/0001575828-17-000007-index.html",
    "finalLink": "https://www.sec.gov/Archives/edgar/data/1575828/000157582817000007/a12312016-documentfy1610xk.htm"
  },
  {
    "date": "2015-12-31",
    "symbol": "FI",
    "reportedCurrency": "USD",
    "cik": "0000798354",
    "fillingDate": "2016-02-29",
    "acceptedDate": "2016-02-29 17:45:44",
    "calendarYear": "2015",
    "period": "FY",
    "revenue": 5254000000,
    "costOfRevenue": 2909000000,
    "grossProfit": 2345000000,
    "grossProfitRatio": 0.4463266083,
    "researchAndDevelopmentExpenses": 92000000,
    "generalAndAdministrativeExpenses": 270678000,
    "sellingAndMarketingExpenses": 763322000,
    "sellingGeneralAndAdministrativeExpenses": 1034000000,
    "otherExpenses": 108962000,
    "operatingExpenses": 1034000000,
    "costAndExpenses": 3943000000,
    "interestIncome": 0,
    "interestExpense": 169000000,
    "depreciationAndAmortization": 417000000,
    "ebitda": 1728000000,
    "ebitdaratio": 0.3288922726,
    "operatingIncome": 1311000000,
    "operatingIncomeRatio": 0.2495241721,
    "totalOtherIncomeExpensesNet": -254000000,
    "incomeBeforeTax": 1057000000,
    "incomeBeforeTaxRatio": 0.2011800533,
    "incomeTaxExpense": 377000000,
    "netIncome": 712000000,
    "netIncomeRatio": 0.1355157975,
    "eps": 1.58,
    "epsdiluted": 1.5,
    "weightedAverageShsOut": 450600000,
    "weightedAverageShsOutDil": 476000000,
    "link": "https://www.sec.gov/Archives/edgar/data/1575828/000157582816000041/0001575828-16-000041-index.html",
    "finalLink": "https://www.sec.gov/Archives/edgar/data/1575828/000157582816000041/a12312015-documentfy1510xk.htm"
  }
]