[
  {
    "date": "2025-02-01",
    "symbol": "DLTR",
    "reportedCurrency": "USD",
    "cik": "0000935703",
    "fillingDate": "2025-03-26",
    "acceptedDate": "2025-03-26 16:13:49",
    "calendarYear": "2024",
    "period": "Q4",
    "revenue": -5001300000,
    "costOfRevenue": -4377100000,
    "grossProfit": -624200000,
    "grossProfitRatio": 0.12480755,
    "researchAndDevelopmentExpenses": 0,
    "generalAndAdministrativeExpenses": 0,
    "sellingAndMarketingExpenses": 0,
    "sellingGeneralAndAdministrativeExpenses": -1129100000,
    "otherExpenses": 0,
    "operatingExpenses": -1129100000,
    "costAndExpenses": -5506200000,
    "interestIncome": 0,
    "interestExpense": 26700000,
    "depreciationAndAmortization": -209800000,
    "ebitda": 534200000,
    "ebitdaratio": -0.1068122288,
    "operatingIncome": 504900000,
    "operatingIncomeRatio": -0.100953752,
    "totalOtherIncomeExpensesNet": 2600000,
    "incomeBeforeTax": 507500000,
    "incomeBeforeTaxRatio": -0.1014736169,
    "incomeTaxExpense": 130800000,
    "netIncome": -3695900000,
    "netIncomeRatio": 0.7389878632,
    "eps": -17.16,
    "epsdiluted": -17.15,
    "weightedAverageShsOut": 215350000,
    "weightedAverageShsOutDil": 215550000,
    "link": "https://www.sec.gov/Archives/edgar/data/935703/000093570325000015/0000935703-25-000015-index.htm",
    "finalLink": "https://www.sec.gov/Archives/edgar/data/935703/000093570325000015/dltr-20250201.htm"
  },
  {
    "date": "2024-11-02",
    "symbol": "DLTR",
    "reportedCurrency": "USD",
    "cik": "0000935703",
    "fillingDate": "2024-12-04",
    "acceptedDate": "2024-12-04 07:43:56",
    "calendarYear": "2024",
    "period": "Q3",
    "revenue": 7568200000,
    "costOfRevenue": 5224300000,
    "grossProfit": 2343900000,
    "grossProfitRatio": 0.3097037605,
    "researchAndDevelopmentExpenses": 0,
    "generalAndAdministrativeExpenses": 0,
    "sellingAndMarketingExpenses": 0,
    "sellingGeneralAndAdministrativeExpenses": 2010500000,
    "otherExpenses": 0,
    "operatingExpenses": 2010500000,
    "costAndExpenses": 7234800000,
    "interestIncome": 0,
    "interestExpense": 27500000,
    "depreciationAndAmortization": 256000000,
    "ebitda": 589400000,
    "ebitdaratio": 0.0778784916,
    "operatingIncome": 333400000,
    "operatingIncomeRatio": 0.044052747,
    "totalOtherIncomeExpensesNet": -27600000,
    "incomeBeforeTax": 305800000,
    "incomeBeforeTaxRatio": 0.0404059089,
    "incomeTaxExpense": 72500000,
    "netIncome": 233300000,
    "netIncomeRatio": 0.0308263524,
    "eps": 1.09,
    "epsdiluted": 1.08,
    "weightedAverageShsOut": 215000000,
    "weightedAverageShsOutDil": 215200000,
    "link": "https://www.sec.gov/Archives/edgar/data/935703/000093570324000059/0000935703-24-000059-index.htm",
    "finalLink": "https://www.sec.gov/Archives/edgar/data/935703/000093570324000059/dltr-20241102.htm"
  },
  {
    "date": "2024-08-03",
    "symbol": "DLTR",
    "reportedCurrency": "USD",
    "cik": "0000935703",
    "fillingDate": "2024-09-04",
    "acceptedDate": "2024-09-04 07:43:40",
    "calendarYear": "2024",
    "period": "Q2",
    "revenue": 7378800000,
    "costOfRevenue": 5158200000,
    "grossProfit": 2220600000,
    "grossProfitRatio": 0.3009432428,
    "researchAndDevelopmentExpenses": 0,
    "generalAndAdministrativeExpenses": 0,
    "sellingAndMarketingExpenses": 0,
    "sellingGeneralAndAdministrativeExpenses": 2017500000,
    "otherExpenses": 0,
    "operatingExpenses": 2017500000,
    "costAndExpenses": 7175700000,
    "interestIncome": 0,
    "interestExpense": 28900000,
    "depreciationAndAmortization": 246600000,
    "ebitda": 449700000,
    "ebitdaratio": 0.0609448691,
    "operatingIncome": 203100000,
    "operatingIncomeRatio": 0.0275248008,
    "totalOtherIncomeExpensesNet": -28900000,
    "incomeBeforeTax": 174200000,
    "incomeBeforeTaxRatio": 0.0236081748,
    "incomeTaxExpense": 41800000,
    "netIncome": 132400000,
    "netIncomeRatio": 0.017943297,
    "eps": 0.62,
    "epsdiluted": 0.62,
    "weightedAverageShsOut": 215000000,
    "weightedAverageShsOutDil": 215200000,
    "link": "https://www.sec.gov/Archives/edgar/data/935703/000093570324000041/0000935703-24-000041-index.htm",
    "finalLink": "https://www.sec.gov/Archives/edgar/data/935703/000093570324000041/dltr-20240803.htm"
  },
  {
    "date": "2024-05-04",
    "symbol": "DLTR",
    "reportedCurrency": "USD",
    "cik": "0000935703",
    "fillingDate": "2024-06-05",
    "acceptedDate": "2024-06-05 11:13:20",
    "calendarYear": "2024",
    "period": "Q1",
    "revenue": 7632800000,
    "costOfRevenue": 5278700000,
    "grossProfit": 2354100000,
    "grossProfitRatio": 0.3084189288,
    "researchAndDevelopmentExpenses": 0,
    "generalAndAdministrativeExpenses": 0,
    "sellingAndMarketingExpenses": 0,
    "sellingGeneralAndAdministrativeExpenses": 1933500000,
    "otherExpenses": -100000,
    "operatingExpenses": 1933500000,
    "costAndExpenses": 7212200000,
    "interestIncome": 0,
    "interestExpense": 24400000,
    "depreciationAndAmortization": 234000000,
    "ebitda": 654600000,
    "ebitdaratio": 0.0857614506,
    "operatingIncome": 420600000,
    "operatingIncomeRatio": 0.0551042868,
    "totalOtherIncomeExpensesNet": -24500000,
    "incomeBeforeTax": 396100000,
    "incomeBeforeTaxRatio": 0.0518944555,
    "incomeTaxExpense": 96000000,
    "netIncome": 300100000,
    "netIncomeRatio": 0.0393171575,
    "eps": 1.38,
    "epsdiluted": 1.38,
    "weightedAverageShsOut": 217800000,
    "weightedAverageShsOutDil": 218100000,
    "link": "https://www.sec.gov/Archives/edgar/data/935703/000093570324000029/0000935703-24-000029-index.htm",
    "finalLink": "https://www.sec.gov/Archives/edgar/data/935703/000093570324000029/dltr-20240504.htm"
  },
  {
    "date": "2024-02-03",
    "symbol": "DLTR",
    "reportedCurrency": "USD",
    "cik": "0000935703",
    "fillingDate": "2024-03-20",
    "acceptedDate": "2024-03-20 16:30:22",
    "calendarYear": "2023",
    "period": "Q4",
    "revenue": 8639900000,
    "costOfRevenue": 5861400000,
    "grossProfit": 2778500000,
    "grossProfitRatio": 0.3215893702,
    "researchAndDevelopmentExpenses": 0,
    "generalAndAdministrativeExpenses": 3490900000,
    "sellingAndMarketingExpenses": 109600000,
    "sellingGeneralAndAdministrativeExpenses": 3600500000,
    "otherExpenses": 100000,
    "operatingExpenses": 3600500000,
    "costAndExpenses": 9461900000,
    "interestIncome": 0,
    "interestExpense": 26300000,
    "depreciationAndAmortization": 226200000,
    "ebitda": -1664700000,
    "ebitdaratio": -0.1926758412,
    "operatingIncome": -822000000,
    "operatingIncomeRatio": -0.09513999,
    "totalOtherIncomeExpensesNet": -26200000,
    "incomeBeforeTax": -1917200000,
    "incomeBeforeTaxRatio": -0.2219007164,
    "incomeTaxExpense": -207400000,
    "netIncome": -1709800000,
    "netIncomeRatio": -0.197895809,
    "eps": -7.85,
    "epsdiluted": -7.85,
    "weightedAverageShsOut": 217900000,
    "weightedAverageShsOutDil": 217900000,
    "link": "https://www.sec.gov/Archives/edgar/data/935703/000093570324000011/0000935703-24-000011-index.htm",
    "finalLink": "https://www.sec.gov/Archives/edgar/data/935703/000093570324000011/dltr-20240203.htm"
  },
  {
    "date": "2023-10-28",
    "symbol": "DLTR",
    "reportedCurrency": "USD",
    "cik": "0000935703",
    "fillingDate": "2023-11-29",
    "acceptedDate": "2023-11-29 09:04:21",
    "calendarYear": "2023",
    "period": "Q3",
    "revenue": 7314800000,
    "costOfRevenue": 5136100000,
    "grossProfit": 2178700000,
    "grossProfitRatio": 0.2978481982,
    "researchAndDevelopmentExpenses": 0,
    "generalAndAdministrativeExpenses": 0,
    "sellingAndMarketingExpenses": 0,
    "sellingGeneralAndAdministrativeExpenses": 1877000000,
    "otherExpenses": -200000,
    "operatingExpenses": 1877000000,
    "costAndExpenses": 7013100000,
    "interestIncome": 0,
    "interestExpense": 30400000,
    "depreciationAndAmortization": 215800000,
    "ebitda": 517500000,
    "ebitdaratio": 0.0707469787,
    "operatingIncome": 301700000,
    "operatingIncomeRatio": 0.0412451468,
    "totalOtherIncomeExpensesNet": -30600000,
    "incomeBeforeTax": 271100000,
    "incomeBeforeTaxRatio": 0.0370618472,
    "incomeTaxExpense": 59100000,
    "netIncome": 212000000,
    "netIncomeRatio": 0.0289823372,
    "eps": 0.97,
    "epsdiluted": 0.97,
    "weightedAverageShsOut": 218900000,
    "weightedAverageShsOutDil": 219200000,
    "link": "https://www.sec.gov/Archives/edgar/data/935703/000093570323000063/0000935703-23-000063-index.htm",
    "finalLink": "https://www.sec.gov/Archives/edgar/data/935703/000093570323000063/dltr-20231028.htm"
  },
  {
    "date": "2023-07-29",
    "symbol": "DLTR",
    "reportedCurrency": "USD",
    "cik": "0000935703",
    "fillingDate": "2023-08-24",
    "acceptedDate": "2023-08-24 09:15:25",
    "calendarYear": "2023",
    "period": "Q2",
    "revenue": 7325300000,
    "costOfRevenue": 5185400000,
    "grossProfit": 2139900000,
    "grossProfitRatio": 0.2921245546,
    "researchAndDevelopmentExpenses": 0,
    "generalAndAdministrativeExpenses": 0,
    "sellingAndMarketingExpenses": 0,
    "sellingGeneralAndAdministrativeExpenses": 1852100000,
    "otherExpenses": 100000,
    "operatingExpenses": 1852100000,
    "costAndExpenses": 7037500000,
    "interestIncome": 24200000,
    "interestExpense": 24200000,
    "depreciationAndAmortization": 202600000,
    "ebitda": 490500000,
    "ebitdaratio": 0.066959715,
    "operatingIncome": 287800000,
    "operatingIncomeRatio": 0.0392884933,
    "totalOtherIncomeExpensesNet": -24100000,
    "incomeBeforeTax": 263700000,
    "incomeBeforeTaxRatio": 0.0359985257,
    "incomeTaxExpense": 63300000,
    "netIncome": 200400000,
    "netIncomeRatio": 0.0273572413,
    "eps": 0.91,
    "epsdiluted": 0.91,
    "weightedAverageShsOut": 220100000,
    "weightedAverageShsOutDil": 220500000,
    "link": "https://www.sec.gov/Archives/edgar/data/935703/000093570323000050/0000935703-23-000050-index.htm",
    "finalLink": "https://www.sec.gov/Archives/edgar/data/935703/000093570323000050/dltr-20230729.htm"
  },
  {
    "date": "2023-04-29",
    "symbol": "DLTR",
    "reportedCurrency": "USD",
    "cik": "0000935703",
    "fillingDate": "2023-05-25",
    "acceptedDate": "2023-05-25 09:18:06",
    "calendarYear": "2023",
    "period": "Q1",
    "revenue": 7323800000,
    "costOfRevenue": 5089100000,
    "grossProfit": 2234700000,
    "grossProfitRatio": 0.3051284852,
    "researchAndDevelopmentExpenses": 0,
    "generalAndAdministrativeExpenses": 0,
    "sellingAndMarketingExpenses": 0,
    "sellingGeneralAndAdministrativeExpenses": 1815000000,
    "otherExpenses": -100000,
    "operatingExpenses": 1815000000,
    "costAndExpenses": 6904100000,
    "interestIncome": 25900000,
    "interestExpense": 25900000,
    "depreciationAndAmortization": 196400000,
    "ebitda": 616000000,
    "ebitdaratio": 0.0841093421,
    "operatingIncome": 419700000,
    "operatingIncomeRatio": 0.0573063164,
    "totalOtherIncomeExpensesNet": -26000000,
    "incomeBeforeTax": 393700000,
    "incomeBeforeTaxRatio": 0.0537562468,
    "incomeTaxExpense": 94700000,
    "netIncome": 299000000,
    "netIncomeRatio": 0.0408258008,
    "eps": 1.35,
    "epsdiluted": 1.35,
    "weightedAverageShsOut": 221100000,
    "weightedAverageShsOutDil": 221700000,
    "link": "https://www.sec.gov/Archives/edgar/data/935703/000093570323000031/0000935703-23-000031-index.htm",
    "finalLink": "https://www.sec.gov/Archives/edgar/data/935703/000093570323000031/dltr-20230429.htm"
  },
  {
    "date": "2023-01-28",
    "symbol": "DLTR",
    "reportedCurrency": "USD",
    "cik": "0000935703",
    "fillingDate": "2023-03-10",
    "acceptedDate": "2023-03-10 16:04:41",
    "calendarYear": "2022",
    "period": "Q4",
    "revenue": 7720700000,
    "costOfRevenue": 5330700000,
    "grossProfit": 2390000000,
    "grossProfitRatio": 0.3095574235,
    "researchAndDevelopmentExpenses": 0,
    "generalAndAdministrativeExpenses": 0,
    "sellingAndMarketingExpenses": 0,
    "sellingGeneralAndAdministrativeExpenses": 1771900000,
    "otherExpenses": 0,
    "operatingExpenses": 1771900000,
    "costAndExpenses": 7102600000,
    "interestIncome": 0,
    "interestExpense": 28000000,
    "depreciationAndAmortization": 196500000,
    "ebitda": 814500000,
    "ebitdaratio": 0.1054956157,
    "operatingIncome": 618100000,
    "operatingIncomeRatio": 0.0800575077,
    "totalOtherIncomeExpensesNet": -28100000,
    "incomeBeforeTax": 590000000,
    "incomeBeforeTaxRatio": 0.0764179414,
    "incomeTaxExpense": 137800000,
    "netIncome": 452200000,
    "netIncomeRatio": 0.0585698188,
    "eps": 2.05,
    "epsdiluted": 2.04,
    "weightedAverageShsOut": 221100000,
    "weightedAverageShsOutDil": 221900000,
    "link": "https://www.sec.gov/Archives/edgar/data/935703/000093570323000016/0000935703-23-000016-index.htm",
    "finalLink": "https://www.sec.gov/Archives/edgar/data/935703/000093570323000016/dltr-20230128.htm"
  },
  {
    "date": "2022-10-29",
    "symbol": "DLTR",
    "reportedCurrency": "USD",
    "cik": "0000935703",
    "fillingDate": "2022-11-22",
    "acceptedDate": "2022-11-22 09:16:14",
    "calendarYear": "2022",
    "period": "Q3",
    "revenue": 6939900000,
    "costOfRevenue": 4865100000,
    "grossProfit": 2074800000,
    "grossProfitRatio": 0.2989668439,
    "researchAndDevelopmentExpenses": 0,
    "generalAndAdministrativeExpenses": 0,
    "sellingAndMarketingExpenses": 0,
    "sellingGeneralAndAdministrativeExpenses": 1693500000,
    "otherExpenses": 0,
    "operatingExpenses": 1693500000,
    "costAndExpenses": 6558600000,
    "interestIncome": 0,
    "interestExpense": 32700000,
    "depreciationAndAmortization": 189000000,
    "ebitda": 570100000,
    "ebitdaratio": 0.0821481578,
    "operatingIncome": 381300000,
    "operatingIncomeRatio": 0.0549431548,
    "totalOtherIncomeExpensesNet": -32900000,
    "incomeBeforeTax": 348400000,
    "incomeBeforeTaxRatio": 0.0502024525,
    "incomeTaxExpense": 81500000,
    "netIncome": 266900000,
    "netIncomeRatio": 0.0384587674,
    "eps": 1.2,
    "epsdiluted": 1.2,
    "weightedAverageShsOut": 222200000,
    "weightedAverageShsOutDil": 223000000,
    "link": "https://www.sec.gov/Archives/edgar/data/935703/000093570322000073/0000935703-22-000073-index.htm",
    "finalLink": "https://www.sec.gov/Archives/edgar/data/935703/000093570322000073/dltr-20221029.htm"
  },
  {
    "date": "2022-07-30",
    "symbol": "DLTR",
    "reportedCurrency": "USD",
    "cik": "0000935703",
    "fillingDate": "2022-08-25",
    "acceptedDate": "2022-08-25 09:16:08",
    "calendarYear": "2022",
    "period": "Q2",
    "revenue": 6768500000,
    "costOfRevenue": 4640900000,
    "grossProfit": 2127600000,
    "grossProfitRatio": 0.3143384797,
    "researchAndDevelopmentExpenses": 0,
    "generalAndAdministrativeExpenses": 0,
    "sellingAndMarketingExpenses": 0,
    "sellingGeneralAndAdministrativeExpenses": 1622200000,
    "otherExpenses": -100000,
    "operatingExpenses": 1622200000,
    "costAndExpenses": 6263100000,
    "interestIncome": 0,
    "interestExpense": 30600000,
    "depreciationAndAmortization": 193500000,
    "ebitda": 698800000,
    "ebitdaratio": 0.1032429637,
    "operatingIncome": 505400000,
    "operatingIncomeRatio": 0.0746694245,
    "totalOtherIncomeExpensesNet": -30700000,
    "incomeBeforeTax": 474700000,
    "incomeBeforeTaxRatio": 0.0701337076,
    "incomeTaxExpense": 114800000,
    "netIncome": 359900000,
    "netIncomeRatio": 0.0531727857,
    "eps": 1.61,
    "epsdiluted": 1.6,
    "weightedAverageShsOut": 224200000,
    "weightedAverageShsOutDil": 225000000,
    "link": "https://www.sec.gov/Archives/edgar/data/935703/000093570322000062/0000935703-22-000062-index.htm",
    "finalLink": "https://www.sec.gov/Archives/edgar/data/935703/000093570322000062/dltr-20220730.htm"
  },
  {
    "date": "2022-04-30",
    "symbol": "DLTR",
    "reportedCurrency": "USD",
    "cik": "0000935703",
    "fillingDate": "2022-05-26",
    "acceptedDate": "2022-05-26 09:18:40",
    "calendarYear": "2022",
    "period": "Q1",
    "revenue": 6902600000,
    "costOfRevenue": 4559600000,
    "grossProfit": 2343000000,
    "grossProfitRatio": 0.3394373135,
    "researchAndDevelopmentExpenses": 0,
    "generalAndAdministrativeExpenses": 0,
    "sellingAndMarketingExpenses": 0,
    "sellingGeneralAndAdministrativeExpenses": 1611500000,
    "otherExpenses": 0,
    "operatingExpenses": 1611500000,
    "costAndExpenses": 6171100000,
    "interestIncome": 0,
    "interestExpense": 34000000,
    "depreciationAndAmortization": 188900000,
    "ebitda": 920400000,
    "ebitdaratio": 0.1333410599,
    "operatingIncome": 731500000,
    "operatingIncomeRatio": 0.1059745603,
    "totalOtherIncomeExpensesNet": -34000000,
    "incomeBeforeTax": 697500000,
    "incomeBeforeTaxRatio": 0.1010488801,
    "incomeTaxExpense": 161100000,
    "netIncome": 536400000,
    "netIncomeRatio": 0.0777098485,
    "eps": 2.38,
    "epsdiluted": 2.37,
    "weightedAverageShsOut": 225300000,
    "weightedAverageShsOutDil": 226400000,
    "link": "https://www.sec.gov/Archives/edgar/data/935703/000093570322000045/0000935703-22-000045-index.htm",
    "finalLink": "https://www.sec.gov/Archives/edgar/data/935703/000093570322000045/dltr-20220430.htm"
  },
  {
    "date": "2022-01-29",
    "symbol": "DLTR",
    "reportedCurrency": "USD",
    "cik": "0000935703",
    "fillingDate": "2022-03-15",
    "acceptedDate": "2022-03-15 08:07:20",
    "calendarYear": "2021",
    "period": "Q4",
    "revenue": 7080600000,
    "costOfRevenue": 4940300000,
    "grossProfit": 2140300000,
    "grossProfitRatio": 0.3022766432,
    "researchAndDevelopmentExpenses": 0,
    "generalAndAdministrativeExpenses": 1467600000,
    "sellingAndMarketingExpenses": 93900000,
    "sellingGeneralAndAdministrativeExpenses": 1561500000,
    "otherExpenses": -100000,
    "operatingExpenses": 1561500000,
    "costAndExpenses": 6501800000,
    "interestIncome": 0,
    "interestExpense": 79500000,
    "depreciationAndAmortization": 188700000,
    "ebitda": 767400000,
    "ebitdaratio": 0.1083806457,
    "operatingIncome": 578800000,
    "operatingIncomeRatio": 0.0817444849,
    "totalOtherIncomeExpensesNet": -79600000,
    "incomeBeforeTax": 499200000,
    "incomeBeforeTaxRatio": 0.0705024998,
    "incomeTaxExpense": 45000000,
    "netIncome": 454200000,
    "netIncomeRatio": 0.0641471062,
    "eps": 2.02,
    "epsdiluted": 2.01,
    "weightedAverageShsOut": 225000000,
    "weightedAverageShsOutDil": 226300000,
    "link": "https://www.sec.gov/Archives/edgar/data/935703/000093570322000020/0000935703-22-000020-index.htm",
    "finalLink": "https://www.sec.gov/Archives/edgar/data/935703/000093570322000020/dltr-20220129.htm"
  },
  {
    "date": "2021-10-30",
    "symbol": "DLTR",
    "reportedCurrency": "USD",
    "cik": "0000935703",
    "fillingDate": "2021-11-23",
    "acceptedDate": "2021-11-23 09:20:24",
    "calendarYear": "2021",
    "period": "Q3",
    "revenue": 6417700000,
    "costOfRevenue": 4651700000,
    "grossProfit": 1766000000,
    "grossProfitRatio": 0.2751764651,
    "researchAndDevelopmentExpenses": 0,
    "generalAndAdministrativeExpenses": 0,
    "sellingAndMarketingExpenses": 0,
    "sellingGeneralAndAdministrativeExpenses": 1455500000,
    "otherExpenses": -200000,
    "operatingExpenses": 1455500000,
    "costAndExpenses": 6107200000,
    "interestIncome": 0,
    "interestExpense": 33400000,
    "depreciationAndAmortization": 178500000,
    "ebitda": 488800000,
    "ebitdaratio": 0.0761643579,
    "operatingIncome": 310500000,
    "operatingIncomeRatio": 0.048381819,
    "totalOtherIncomeExpensesNet": -33600000,
    "incomeBeforeTax": 276900000,
    "incomeBeforeTaxRatio": 0.0431462985,
    "incomeTaxExpense": 60100000,
    "netIncome": 216800000,
    "netIncomeRatio": 0.0337815728,
    "eps": 0.96,
    "epsdiluted": 0.96,
    "weightedAverageShsOut": 224900000,
    "weightedAverageShsOutDil": 225800000,
    "link": "https://www.sec.gov/Archives/edgar/data/935703/000093570321000058/0000935703-21-000058-index.htm",
    "finalLink": "https://www.sec.gov/Archives/edgar/data/935703/000093570321000058/dltr-20211030.htm"
  },
  {
    "date": "2021-07-31",
    "symbol": "DLTR",
    "reportedCurrency": "USD",
    "cik": "0000935703",
    "fillingDate": "2021-08-26",
    "acceptedDate": "2021-08-26 09:18:50",
    "calendarYear": "2021",
    "period": "Q2",
    "revenue": 6343200000,
    "costOfRevenue": 4479200000,
    "grossProfit": 1864000000,
    "grossProfitRatio": 0.2938579897,
    "researchAndDevelopmentExpenses": 0,
    "generalAndAdministrativeExpenses": 0,
    "sellingAndMarketingExpenses": 0,
    "sellingGeneralAndAdministrativeExpenses": 1461800000,
    "otherExpenses": 0,
    "operatingExpenses": 1461800000,
    "costAndExpenses": 5941000000,
    "interestIncome": 0,
    "interestExpense": 33000000,
    "depreciationAndAmortization": 176100000,
    "ebitda": 578300000,
    "ebitdaratio": 0.0911684954,
    "operatingIncome": 402200000,
    "operatingIncomeRatio": 0.0634064825,
    "totalOtherIncomeExpensesNet": -33000000,
    "incomeBeforeTax": 369200000,
    "incomeBeforeTaxRatio": 0.058204061,
    "incomeTaxExpense": 86800000,
    "netIncome": 282400000,
    "netIncomeRatio": 0.044520116,
    "eps": 1.24,
    "epsdiluted": 1.23,
    "weightedAverageShsOut": 228600000,
    "weightedAverageShsOutDil": 229500000,
    "link": "https://www.sec.gov/Archives/edgar/data/935703/000093570321000043/0000935703-21-000043-index.htm",
    "finalLink": "https://www.sec.gov/Archives/edgar/data/935703/000093570321000043/dltr-20210731.htm"
  },
  {
    "date": "2021-05-01",
    "symbol": "DLTR",
    "reportedCurrency": "USD",
    "cik": "0000935703",
    "fillingDate": "2021-05-27",
    "acceptedDate": "2021-05-27 09:18:24",
    "calendarYear": "2021",
    "period": "Q1",
    "revenue": 6479700000,
    "costOfRevenue": 4512700000,
    "grossProfit": 1967000000,
    "grossProfitRatio": 0.3035634366,
    "researchAndDevelopmentExpenses": 0,
    "generalAndAdministrativeExpenses": 0,
    "sellingAndMarketingExpenses": 0,
    "sellingGeneralAndAdministrativeExpenses": 1447100000,
    "otherExpenses": 0,
    "operatingExpenses": 1447100000,
    "costAndExpenses": 5959800000,
    "interestIncome": 0,
    "interestExpense": 33000000,
    "depreciationAndAmortization": 172700000,
    "ebitda": 692600000,
    "ebitdaratio": 0.1068876646,
    "operatingIncome": 519900000,
    "operatingIncomeRatio": 0.0802351961,
    "totalOtherIncomeExpensesNet": -33000000,
    "incomeBeforeTax": 486900000,
    "incomeBeforeTaxRatio": 0.0751423677,
    "incomeTaxExpense": 112400000,
    "netIncome": 374500000,
    "netIncomeRatio": 0.0577958856,
    "eps": 1.61,
    "epsdiluted": 1.6,
    "weightedAverageShsOut": 233200000,
    "weightedAverageShsOutDil": 234400000,
    "link": "https://www.sec.gov/Archives/edgar/data/935703/000093570321000029/0000935703-21-000029-index.htm",
    "finalLink": "https://www.sec.gov/Archives/edgar/data/935703/000093570321000029/dltr-20210501.htm"
  },
  {
    "date": "2021-01-30",
    "symbol": "DLTR",
    "reportedCurrency": "USD",
    "cik": "0000935703",
    "fillingDate": "2021-03-16",
    "acceptedDate": "2021-03-16 08:50:43",
    "calendarYear": "2020",
    "period": "Q4",
    "revenue": 6767900000,
    "costOfRevenue": 4615100000,
    "grossProfit": 2152800000,
    "grossProfitRatio": 0.3180898063,
    "researchAndDevelopmentExpenses": 0,
    "generalAndAdministrativeExpenses": 1390400000,
    "sellingAndMarketingExpenses": 80800000,
    "sellingGeneralAndAdministrativeExpenses": 1471200000,
    "otherExpenses": 0,
    "operatingExpenses": 1471200000,
    "costAndExpenses": 6086300000,
    "interestIncome": 0,
    "interestExpense": 34200000,
    "depreciationAndAmortization": 182900000,
    "ebitda": 864500000,
    "ebitdaratio": 0.1277353389,
    "operatingIncome": 681600000,
    "operatingIncomeRatio": 0.1007107079,
    "totalOtherIncomeExpensesNet": -34200000,
    "incomeBeforeTax": 647400000,
    "incomeBeforeTaxRatio": 0.0956574417,
    "incomeTaxExpense": 144600000,
    "netIncome": 502800000,
    "netIncomeRatio": 0.0742918778,
    "eps": 2.14,
    "epsdiluted": 2.13,
    "weightedAverageShsOut": 234600000,
    "weightedAverageShsOutDil": 235900000,
    "link": "https://www.sec.gov/Archives/edgar/data/935703/000093570321000014/0000935703-21-000014-index.htm",
    "finalLink": "https://www.sec.gov/Archives/edgar/data/935703/000093570321000014/dltr-20210130.htm"
  },
  {
    "date": "2020-10-31",
    "symbol": "DLTR",
    "reportedCurrency": "USD",
    "cik": "0000935703",
    "fillingDate": "2020-11-24",
    "acceptedDate": "2020-11-24 09:16:45",
    "calendarYear": "2020",
    "period": "Q3",
    "revenue": 6177000000,
    "costOfRevenue": 4252600000,
    "grossProfit": 1924400000,
    "grossProfitRatio": 0.3115428201,
    "researchAndDevelopmentExpenses": 0,
    "generalAndAdministrativeExpenses": 0,
    "sellingAndMarketingExpenses": 0,
    "sellingGeneralAndAdministrativeExpenses": 1458900000,
    "otherExpenses": -100000,
    "operatingExpenses": 1458900000,
    "costAndExpenses": 5711500000,
    "interestIncome": 0,
    "interestExpense": 38100000,
    "depreciationAndAmortization": 170100000,
    "ebitda": 635500000,
    "ebitdaratio": 0.1028816578,
    "operatingIncome": 465500000,
    "operatingIncomeRatio": 0.0753602072,
    "totalOtherIncomeExpensesNet": -38200000,
    "incomeBeforeTax": 427300000,
    "incomeBeforeTaxRatio": 0.0691759754,
    "incomeTaxExpense": 97300000,
    "netIncome": 330000000,
    "netIncomeRatio": 0.0534239922,
    "eps": 1.39,
    "epsdiluted": 1.39,
    "weightedAverageShsOut": 236800000,
    "weightedAverageShsOutDil": 237900000,
    "link": "https://www.sec.gov/Archives/edgar/data/935703/000093570320000066/0000935703-20-000066-index.htm",
    "finalLink": "https://www.sec.gov/Archives/edgar/data/935703/000093570320000066/dltr-2020x10x31x10q.htm"
  },
  {
    "date": "2020-08-01",
    "symbol": "DLTR",
    "reportedCurrency": "USD",
    "cik": "0000935703",
    "fillingDate": "2020-08-27",
    "acceptedDate": "2020-08-27 09:17:56",
    "calendarYear": "2020",
    "period": "Q2",
    "revenue": 6277600000,
    "costOfRevenue": 4361400000,
    "grossProfit": 1916200000,
    "grossProfitRatio": 0.3052440423,
    "researchAndDevelopmentExpenses": 0,
    "generalAndAdministrativeExpenses": 0,
    "sellingAndMarketingExpenses": 0,
    "sellingGeneralAndAdministrativeExpenses": 1541300000,
    "otherExpenses": -200000,
    "operatingExpenses": 1541300000,
    "costAndExpenses": 5902700000,
    "interestIncome": 0,
    "interestExpense": 34800000,
    "depreciationAndAmortization": 168100000,
    "ebitda": 542800000,
    "ebitdaratio": 0.0864661654,
    "operatingIncome": 374900000,
    "operatingIncomeRatio": 0.0597202753,
    "totalOtherIncomeExpensesNet": -35000000,
    "incomeBeforeTax": 339900000,
    "incomeBeforeTaxRatio": 0.0541448961,
    "incomeTaxExpense": 78400000,
    "netIncome": 261500000,
    "netIncomeRatio": 0.0416560469,
    "eps": 1.1,
    "epsdiluted": 1.1,
    "weightedAverageShsOut": 237300000,
    "weightedAverageShsOutDil": 238100000,
    "link": "https://www.sec.gov/Archives/edgar/data/935703/000093570320000055/0000935703-20-000055-index.htm",
    "finalLink": "https://www.sec.gov/Archives/edgar/data/935703/000093570320000055/dltr-2020x08x01x10q.htm"
  },
  {
    "date": "2020-05-02",
    "symbol": "DLTR",
    "reportedCurrency": "USD",
    "cik": "0000935703",
    "fillingDate": "2020-05-28",
    "acceptedDate": "2020-05-28 09:18:17",
    "calendarYear": "2020",
    "period": "Q1",
    "revenue": 6286800000,
    "costOfRevenue": 4491900000,
    "grossProfit": 1794900000,
    "grossProfitRatio": 0.2855029586,
    "researchAndDevelopmentExpenses": 0,
    "generalAndAdministrativeExpenses": 0,
    "sellingAndMarketingExpenses": 0,
    "sellingGeneralAndAdministrativeExpenses": 1429000000,
    "otherExpenses": -500000,
    "operatingExpenses": 1429000000,
    "costAndExpenses": 5920900000,
    "interestIncome": 0,
    "interestExpense": 40200000,
    "depreciationAndAmortization": 165500000,
    "ebitda": 530900000,
    "ebitdaratio": 0.0844467774,
    "operatingIncome": 365900000,
    "operatingIncomeRatio": 0.0582013107,
    "totalOtherIncomeExpensesNet": -40700000,
    "incomeBeforeTax": 325200000,
    "incomeBeforeTaxRatio": 0.0517274289,
    "incomeTaxExpense": 77600000,
    "netIncome": 247600000,
    "netIncomeRatio": 0.0393841064,
    "eps": 1.05,
    "epsdiluted": 1.04,
    "weightedAverageShsOut": 236900000,
    "weightedAverageShsOutDil": 237400000,
    "link": "https://www.sec.gov/Archives/edgar/data/935703/000093570320000027/0000935703-20-000027-index.htm",
    "finalLink": "https://www.sec.gov/Archives/edgar/data/935703/000093570320000027/dltr-2020x05x02x10q.htm"
  }
]