[
  {
    "date": "2025-01-26",
    "symbol": "DE",
    "reportedCurrency": "USD",
    "cik": "0000315189",
    "fillingDate": "2025-02-27",
    "acceptedDate": "2025-02-27 10:18:48",
    "calendarYear": "2025",
    "period": "Q1",
    "revenue": 8262000000,
    "costOfRevenue": 5037000000,
    "grossProfit": 3225000000,
    "grossProfitRatio": 0.3903413217,
    "researchAndDevelopmentExpenses": 526000000,
    "generalAndAdministrativeExpenses": 0,
    "sellingAndMarketingExpenses": 0,
    "sellingGeneralAndAdministrativeExpenses": 972000000,
    "otherExpenses": 249000000,
    "operatingExpenses": 1747000000,
    "costAndExpenses": 6784000000,
    "interestIncome": 0,
    "interestExpense": 829000000,
    "depreciationAndAmortization": 549000000,
    "ebitda": 2273000000,
    "ebitdaratio": 0.2751149843,
    "operatingIncome": 1478000000,
    "operatingIncomeRatio": 0.1788913096,
    "totalOtherIncomeExpensesNet": -583000000,
    "incomeBeforeTax": 895000000,
    "incomeBeforeTaxRatio": 0.1083272815,
    "incomeTaxExpense": 27000000,
    "netIncome": 869000000,
    "netIncomeRatio": 0.1051803437,
    "eps": 3.2,
    "epsdiluted": 3.19,
    "weightedAverageShsOut": 271600000,
    "weightedAverageShsOutDil": 272300000,
    "link": "https://www.sec.gov/Archives/edgar/data/315189/000155837025001714/0001558370-25-001714-index.htm",
    "finalLink": "https://www.sec.gov/Archives/edgar/data/315189/000155837025001714/de-20250126x10q.htm"
  },
  {
    "date": "2024-10-27",
    "symbol": "DE",
    "reportedCurrency": "USD",
    "cik": "0000315189",
    "fillingDate": "2024-12-12",
    "acceptedDate": "2024-12-12 11:37:47",
    "calendarYear": "2024",
    "period": "Q4",
    "revenue": 10827000000,
    "costOfRevenue": 6818000000,
    "grossProfit": 4009000000,
    "grossProfitRatio": 0.3702780087,
    "researchAndDevelopmentExpenses": 626000000,
    "generalAndAdministrativeExpenses": 0,
    "sellingAndMarketingExpenses": 0,
    "sellingGeneralAndAdministrativeExpenses": 899000000,
    "otherExpenses": 341000000,
    "operatingExpenses": 1866000000,
    "costAndExpenses": 8684000000,
    "interestIncome": 0,
    "interestExpense": 870000000,
    "depreciationAndAmortization": 520000000,
    "ebitda": 2909000000,
    "ebitdaratio": 0.2686801515,
    "operatingIncome": 2143000000,
    "operatingIncomeRatio": 0.1979310982,
    "totalOtherIncomeExpensesNet": -624000000,
    "incomeBeforeTax": 1519000000,
    "incomeBeforeTaxRatio": 0.1402974046,
    "incomeTaxExpense": 249000000,
    "netIncome": 1245000000,
    "netIncomeRatio": 0.114990302,
    "eps": 4.57,
    "epsdiluted": 4.55,
    "weightedAverageShsOut": 272600000,
    "weightedAverageShsOutDil": 273600000,
    "link": "https://www.sec.gov/Archives/edgar/data/315189/000155837024016169/0001558370-24-016169-index.htm",
    "finalLink": "https://www.sec.gov/Archives/edgar/data/315189/000155837024016169/de-20241027x10k.htm"
  },
  {
    "date": "2024-07-28",
    "symbol": "DE",
    "reportedCurrency": "USD",
    "cik": "0000315189",
    "fillingDate": "2024-08-29",
    "acceptedDate": "2024-08-29 10:39:16",
    "calendarYear": "2024",
    "period": "Q3",
    "revenue": 12848000000,
    "costOfRevenue": 7848000000,
    "grossProfit": 5000000000,
    "grossProfitRatio": 0.3891656289,
    "researchAndDevelopmentExpenses": 567000000,
    "generalAndAdministrativeExpenses": 0,
    "sellingAndMarketingExpenses": 0,
    "sellingGeneralAndAdministrativeExpenses": 1278000000,
    "otherExpenses": 264000000,
    "operatingExpenses": 2109000000,
    "costAndExpenses": 9957000000,
    "interestIncome": 0,
    "interestExpense": 840000000,
    "depreciationAndAmortization": 553000000,
    "ebitda": 3748000000,
    "ebitdaratio": 0.2917185554,
    "operatingIncome": 2891000000,
    "operatingIncomeRatio": 0.2250155666,
    "totalOtherIncomeExpensesNet": -536000000,
    "incomeBeforeTax": 2355000000,
    "incomeBeforeTaxRatio": 0.1832970112,
    "incomeTaxExpense": 625000000,
    "netIncome": 1734000000,
    "netIncomeRatio": 0.1349626401,
    "eps": 6.32,
    "epsdiluted": 6.29,
    "weightedAverageShsOut": 274500000,
    "weightedAverageShsOutDil": 275600000,
    "link": "https://www.sec.gov/Archives/edgar/data/315189/000155837024012529/0001558370-24-012529-index.htm",
    "finalLink": "https://www.sec.gov/Archives/edgar/data/315189/000155837024012529/de-20240728x10q.htm"
  },
  {
    "date": "2024-04-28",
    "symbol": "DE",
    "reportedCurrency": "USD",
    "cik": "0000315189",
    "fillingDate": "2024-05-30",
    "acceptedDate": "2024-05-30 15:57:36",
    "calendarYear": "2024",
    "period": "Q2",
    "revenue": 14997000000,
    "costOfRevenue": 9157000000,
    "grossProfit": 5840000000,
    "grossProfitRatio": 0.3894112156,
    "researchAndDevelopmentExpenses": 565000000,
    "generalAndAdministrativeExpenses": 0,
    "sellingAndMarketingExpenses": 0,
    "sellingGeneralAndAdministrativeExpenses": 1265000000,
    "otherExpenses": 295000000,
    "operatingExpenses": 2125000000,
    "costAndExpenses": 11282000000,
    "interestIncome": 0,
    "interestExpense": 836000000,
    "depreciationAndAmortization": 525000000,
    "ebitda": 4478000000,
    "ebitdaratio": 0.2985930519,
    "operatingIncome": 3715000000,
    "operatingIncomeRatio": 0.2477162099,
    "totalOtherIncomeExpensesNet": -598000000,
    "incomeBeforeTax": 3117000000,
    "incomeBeforeTaxRatio": 0.2078415683,
    "incomeTaxExpense": 751000000,
    "netIncome": 2370000000,
    "netIncomeRatio": 0.1580316063,
    "eps": 8.56,
    "epsdiluted": 8.53,
    "weightedAverageShsOut": 276800000,
    "weightedAverageShsOutDil": 277900000,
    "link": "https://www.sec.gov/Archives/edgar/data/315189/000155837024008770/0001558370-24-008770-index.htm",
    "finalLink": "https://www.sec.gov/Archives/edgar/data/315189/000155837024008770/de-20240428x10q.htm"
  },
  {
    "date": "2024-01-28",
    "symbol": "DE",
    "reportedCurrency": "USD",
    "cik": "0000315189",
    "fillingDate": "2024-02-29",
    "acceptedDate": "2024-02-29 13:31:35",
    "calendarYear": "2024",
    "period": "Q1",
    "revenue": 11846000000,
    "costOfRevenue": 7200000000,
    "grossProfit": 4646000000,
    "grossProfitRatio": 0.3921998987,
    "researchAndDevelopmentExpenses": 533000000,
    "generalAndAdministrativeExpenses": 0,
    "sellingAndMarketingExpenses": 0,
    "sellingGeneralAndAdministrativeExpenses": 1066000000,
    "otherExpenses": 369000000,
    "operatingExpenses": 1968000000,
    "costAndExpenses": 9168000000,
    "interestIncome": 0,
    "interestExpense": 802000000,
    "depreciationAndAmortization": 520000000,
    "ebitda": 3537000000,
    "ebitdaratio": 0.2985817998,
    "operatingIncome": 2678000000,
    "operatingIncomeRatio": 0.226067871,
    "totalOtherIncomeExpensesNet": -463000000,
    "incomeBeforeTax": 2215000000,
    "incomeBeforeTaxRatio": 0.1869829478,
    "incomeTaxExpense": 469000000,
    "netIncome": 1751000000,
    "netIncomeRatio": 0.147813608,
    "eps": 6.26,
    "epsdiluted": 6.23,
    "weightedAverageShsOut": 279900000,
    "weightedAverageShsOutDil": 281100000,
    "link": "https://www.sec.gov/Archives/edgar/data/315189/000155837024002149/0001558370-24-002149-index.htm",
    "finalLink": "https://www.sec.gov/Archives/edgar/data/315189/000155837024002149/de-20240128x10q.htm"
  },
  {
    "date": "2023-10-29",
    "symbol": "DE",
    "reportedCurrency": "USD",
    "cik": "0000315189",
    "fillingDate": "2023-12-15",
    "acceptedDate": "2023-12-15 10:27:39",
    "calendarYear": "2023",
    "period": "Q4",
    "revenue": 15157000000,
    "costOfRevenue": 9654000000,
    "grossProfit": 5503000000,
    "grossProfitRatio": 0.3630665699,
    "researchAndDevelopmentExpenses": 606000000,
    "generalAndAdministrativeExpenses": 0,
    "sellingAndMarketingExpenses": 0,
    "sellingGeneralAndAdministrativeExpenses": 917000000,
    "otherExpenses": 258000000,
    "operatingExpenses": 1781000000,
    "costAndExpenses": 11435000000,
    "interestIncome": 0,
    "interestExpense": 782000000,
    "depreciationAndAmortization": 477000000,
    "ebitda": 4332000000,
    "ebitdaratio": 0.2858085373,
    "operatingIncome": 3722000000,
    "operatingIncomeRatio": 0.2455631062,
    "totalOtherIncomeExpensesNet": -649000000,
    "incomeBeforeTax": 3073000000,
    "incomeBeforeTaxRatio": 0.2027446065,
    "incomeTaxExpense": 707000000,
    "netIncome": 2369000000,
    "netIncomeRatio": 0.1562974203,
    "eps": 8.3,
    "epsdiluted": 8.26,
    "weightedAverageShsOut": 285500000,
    "weightedAverageShsOutDil": 286900000,
    "link": "https://www.sec.gov/Archives/edgar/data/315189/000155837023019812/0001558370-23-019812-index.htm",
    "finalLink": "https://www.sec.gov/Archives/edgar/data/315189/000155837023019812/de-20231029x10k.htm"
  },
  {
    "date": "2023-07-30",
    "symbol": "DE",
    "reportedCurrency": "USD",
    "cik": "0000315189",
    "fillingDate": "2023-08-31",
    "acceptedDate": "2023-08-31 14:27:24",
    "calendarYear": "2023",
    "period": "Q3",
    "revenue": 15537000000,
    "costOfRevenue": 9624000000,
    "grossProfit": 5913000000,
    "grossProfitRatio": 0.3805754007,
    "researchAndDevelopmentExpenses": 528000000,
    "generalAndAdministrativeExpenses": 0,
    "sellingAndMarketingExpenses": 0,
    "sellingGeneralAndAdministrativeExpenses": 1110000000,
    "otherExpenses": 310000000,
    "operatingExpenses": 1948000000,
    "costAndExpenses": 11572000000,
    "interestIncome": 0,
    "interestExpense": 623000000,
    "depreciationAndAmortization": 532000000,
    "ebitda": 4761000000,
    "ebitdaratio": 0.3064298127,
    "operatingIncome": 3965000000,
    "operatingIncomeRatio": 0.255197271,
    "totalOtherIncomeExpensesNet": -359000000,
    "incomeBeforeTax": 3606000000,
    "incomeBeforeTaxRatio": 0.2320911373,
    "incomeTaxExpense": 636000000,
    "netIncome": 2978000000,
    "netIncomeRatio": 0.1916714939,
    "eps": 10.24,
    "epsdiluted": 10.2,
    "weightedAverageShsOut": 290800000,
    "weightedAverageShsOutDil": 292100000,
    "link": "https://www.sec.gov/Archives/edgar/data/315189/000155837023015380/0001558370-23-015380-index.htm",
    "finalLink": "https://www.sec.gov/Archives/edgar/data/315189/000155837023015380/de-20230730x10q.htm"
  },
  {
    "date": "2023-04-30",
    "symbol": "DE",
    "reportedCurrency": "USD",
    "cik": "0000315189",
    "fillingDate": "2023-06-01",
    "acceptedDate": "2023-06-01 16:02:31",
    "calendarYear": "2023",
    "period": "Q2",
    "revenue": 17158000000,
    "costOfRevenue": 10730000000,
    "grossProfit": 6428000000,
    "grossProfitRatio": 0.3746357384,
    "researchAndDevelopmentExpenses": 547000000,
    "generalAndAdministrativeExpenses": 0,
    "sellingAndMarketingExpenses": 0,
    "sellingGeneralAndAdministrativeExpenses": 1330000000,
    "otherExpenses": 363000000,
    "operatingExpenses": 2240000000,
    "costAndExpenses": 12970000000,
    "interestIncome": 0,
    "interestExpense": 569000000,
    "depreciationAndAmortization": 501000000,
    "ebitda": 4918000000,
    "ebitdaratio": 0.2866301434,
    "operatingIncome": 4188000000,
    "operatingIncomeRatio": 0.2440843921,
    "totalOtherIncomeExpensesNet": -340000000,
    "incomeBeforeTax": 3848000000,
    "incomeBeforeTaxRatio": 0.2242685628,
    "incomeTaxExpense": 991000000,
    "netIncome": 2860000000,
    "netIncomeRatio": 0.166686094,
    "eps": 9.69,
    "epsdiluted": 9.65,
    "weightedAverageShsOut": 295100000,
    "weightedAverageShsOutDil": 296500000,
    "link": "https://www.sec.gov/Archives/edgar/data/315189/000155837023010713/0001558370-23-010713-index.htm",
    "finalLink": "https://www.sec.gov/Archives/edgar/data/315189/000155837023010713/de-20230430x10q.htm"
  },
  {
    "date": "2023-01-29",
    "symbol": "DE",
    "reportedCurrency": "USD",
    "cik": "0000315189",
    "fillingDate": "2023-02-23",
    "acceptedDate": "2023-02-23 15:21:25",
    "calendarYear": "2023",
    "period": "Q1",
    "revenue": 12396000000,
    "costOfRevenue": 7934000000,
    "grossProfit": 4462000000,
    "grossProfitRatio": 0.3599548241,
    "researchAndDevelopmentExpenses": 495000000,
    "generalAndAdministrativeExpenses": 0,
    "sellingAndMarketingExpenses": 0,
    "sellingGeneralAndAdministrativeExpenses": 952000000,
    "otherExpenses": 299000000,
    "operatingExpenses": 1746000000,
    "costAndExpenses": 9680000000,
    "interestIncome": 0,
    "interestExpense": 479000000,
    "depreciationAndAmortization": 494000000,
    "ebitda": 3466000000,
    "ebitdaratio": 0.2796063246,
    "operatingIncome": 2716000000,
    "operatingIncomeRatio": 0.2191029364,
    "totalOtherIncomeExpensesNet": -223000000,
    "incomeBeforeTax": 2493000000,
    "incomeBeforeTaxRatio": 0.2011132623,
    "incomeTaxExpense": 537000000,
    "netIncome": 1959000000,
    "netIncomeRatio": 0.15803485,
    "eps": 6.58,
    "epsdiluted": 6.55,
    "weightedAverageShsOut": 297600000,
    "weightedAverageShsOutDil": 299100000,
    "link": "https://www.sec.gov/Archives/edgar/data/315189/000155837023001877/0001558370-23-001877-index.htm",
    "finalLink": "https://www.sec.gov/Archives/edgar/data/315189/000155837023001877/de-20230129x10q.htm"
  },
  {
    "date": "2022-10-30",
    "symbol": "DE",
    "reportedCurrency": "USD",
    "cik": "0000315189",
    "fillingDate": "2022-12-15",
    "acceptedDate": "2022-12-15 11:32:02",
    "calendarYear": "2022",
    "period": "Q4",
    "revenue": 15276000000,
    "costOfRevenue": 10428000000,
    "grossProfit": 4848000000,
    "grossProfitRatio": 0.3173605656,
    "researchAndDevelopmentExpenses": 576000000,
    "generalAndAdministrativeExpenses": 0,
    "sellingAndMarketingExpenses": 0,
    "sellingGeneralAndAdministrativeExpenses": 973000000,
    "otherExpenses": 193000000,
    "operatingExpenses": 1742000000,
    "costAndExpenses": 12170000000,
    "interestIncome": 0,
    "interestExpense": 349000000,
    "depreciationAndAmortization": 452000000,
    "ebitda": 3686000000,
    "ebitdaratio": 0.2412935323,
    "operatingIncome": 3106000000,
    "operatingIncomeRatio": 0.2033254779,
    "totalOtherIncomeExpensesNet": -221000000,
    "incomeBeforeTax": 2885000000,
    "incomeBeforeTaxRatio": 0.1888583399,
    "incomeTaxExpense": 643000000,
    "netIncome": 2246000000,
    "netIncomeRatio": 0.1470280178,
    "eps": 7.48,
    "epsdiluted": 7.44,
    "weightedAverageShsOut": 300400000,
    "weightedAverageShsOutDil": 302100000,
    "link": "https://www.sec.gov/Archives/edgar/data/315189/000155837022018703/0001558370-22-018703-index.htm",
    "finalLink": "https://www.sec.gov/Archives/edgar/data/315189/000155837022018703/de-20221030x10k.htm"
  },
  {
    "date": "2022-07-31",
    "symbol": "DE",
    "reportedCurrency": "USD",
    "cik": "0000315189",
    "fillingDate": "2022-09-01",
    "acceptedDate": "2022-09-01 13:53:57",
    "calendarYear": "2022",
    "period": "Q3",
    "revenue": 13846000000,
    "costOfRevenue": 9511000000,
    "grossProfit": 4335000000,
    "grossProfitRatio": 0.3130868121,
    "researchAndDevelopmentExpenses": 481000000,
    "generalAndAdministrativeExpenses": 0,
    "sellingAndMarketingExpenses": 0,
    "sellingGeneralAndAdministrativeExpenses": 959000000,
    "otherExpenses": 316000000,
    "operatingExpenses": 1756000000,
    "costAndExpenses": 11267000000,
    "interestIncome": 0,
    "interestExpense": 296000000,
    "depreciationAndAmortization": 510000000,
    "ebitda": 3345000000,
    "ebitdaratio": 0.2415860176,
    "operatingIncome": 2579000000,
    "operatingIncomeRatio": 0.1862631807,
    "totalOtherIncomeExpensesNet": -40000000,
    "incomeBeforeTax": 2539000000,
    "incomeBeforeTaxRatio": 0.1833742597,
    "incomeTaxExpense": 654000000,
    "netIncome": 1884000000,
    "netIncomeRatio": 0.1360681785,
    "eps": 6.2,
    "epsdiluted": 6.16,
    "weightedAverageShsOut": 304100000,
    "weightedAverageShsOutDil": 305700000,
    "link": "https://www.sec.gov/Archives/edgar/data/315189/000155837022014113/0001558370-22-014113-index.htm",
    "finalLink": "https://www.sec.gov/Archives/edgar/data/315189/000155837022014113/de-20220731x10q.htm"
  },
  {
    "date": "2022-05-01",
    "symbol": "DE",
    "reportedCurrency": "USD",
    "cik": "0000315189",
    "fillingDate": "2022-05-26",
    "acceptedDate": "2022-05-26 12:59:03",
    "calendarYear": "2022",
    "period": "Q2",
    "revenue": 12830000000,
    "costOfRevenue": 8918000000,
    "grossProfit": 3912000000,
    "grossProfitRatio": 0.3049103663,
    "researchAndDevelopmentExpenses": 453000000,
    "generalAndAdministrativeExpenses": 0,
    "sellingAndMarketingExpenses": 0,
    "sellingGeneralAndAdministrativeExpenses": 932000000,
    "otherExpenses": 328000000,
    "operatingExpenses": 1713000000,
    "costAndExpenses": 10631000000,
    "interestIncome": 0,
    "interestExpense": 187000000,
    "depreciationAndAmortization": 447000000,
    "ebitda": 3186000000,
    "ebitdaratio": 0.2483242401,
    "operatingIncome": 2199000000,
    "operatingIncomeRatio": 0.1713951676,
    "totalOtherIncomeExpensesNet": 353000000,
    "incomeBeforeTax": 2552000000,
    "incomeBeforeTaxRatio": 0.1989088075,
    "incomeTaxExpense": 461000000,
    "netIncome": 2098000000,
    "netIncomeRatio": 0.163522993,
    "eps": 6.85,
    "epsdiluted": 6.81,
    "weightedAverageShsOut": 306200000,
    "weightedAverageShsOutDil": 308100000,
    "link": "https://www.sec.gov/Archives/edgar/data/315189/000155837022009375/0001558370-22-009375-index.htm",
    "finalLink": "https://www.sec.gov/Archives/edgar/data/315189/000155837022009375/de-20220501x10q.htm"
  },
  {
    "date": "2022-01-30",
    "symbol": "DE",
    "reportedCurrency": "USD",
    "cik": "0000315189",
    "fillingDate": "2022-02-24",
    "acceptedDate": "2022-02-24 14:35:21",
    "calendarYear": "2022",
    "period": "Q1",
    "revenue": 9331000000,
    "costOfRevenue": 6695000000,
    "grossProfit": 2636000000,
    "grossProfitRatio": 0.2824991962,
    "researchAndDevelopmentExpenses": 402000000,
    "generalAndAdministrativeExpenses": 0,
    "sellingAndMarketingExpenses": 0,
    "sellingGeneralAndAdministrativeExpenses": 781000000,
    "otherExpenses": 311000000,
    "operatingExpenses": 1494000000,
    "costAndExpenses": 8189000000,
    "interestIncome": 0,
    "interestExpense": 229000000,
    "depreciationAndAmortization": 486000000,
    "ebitda": 1866000000,
    "ebitdaratio": 0.1999785661,
    "operatingIncome": 1142000000,
    "operatingIncomeRatio": 0.1223877398,
    "totalOtherIncomeExpensesNet": 9000000,
    "incomeBeforeTax": 1151000000,
    "incomeBeforeTaxRatio": 0.1233522666,
    "incomeTaxExpense": 250000000,
    "netIncome": 903000000,
    "netIncomeRatio": 0.0967741935,
    "eps": 2.94,
    "epsdiluted": 2.92,
    "weightedAverageShsOut": 307400000,
    "weightedAverageShsOutDil": 309400000,
    "link": "https://www.sec.gov/Archives/edgar/data/315189/000155837022001900/0001558370-22-001900-index.htm",
    "finalLink": "https://www.sec.gov/Archives/edgar/data/315189/000155837022001900/de-20220130x10q.htm"
  },
  {
    "date": "2021-10-31",
    "symbol": "DE",
    "reportedCurrency": "USD",
    "cik": "0000315189",
    "fillingDate": "2021-12-16",
    "acceptedDate": "2021-12-16 11:39:34",
    "calendarYear": "2021",
    "period": "Q4",
    "revenue": 11104000000,
    "costOfRevenue": 8011000000,
    "grossProfit": 3093000000,
    "grossProfitRatio": 0.2785482709,
    "researchAndDevelopmentExpenses": 450000000,
    "generalAndAdministrativeExpenses": 0,
    "sellingAndMarketingExpenses": 0,
    "sellingGeneralAndAdministrativeExpenses": 752000000,
    "otherExpenses": 291000000,
    "operatingExpenses": 1493000000,
    "costAndExpenses": 9504000000,
    "interestIncome": 0,
    "interestExpense": 210000000,
    "depreciationAndAmortization": 481000000,
    "ebitda": 2304000000,
    "ebitdaratio": 0.2074927954,
    "operatingIncome": 1600000000,
    "operatingIncomeRatio": 0.144092219,
    "totalOtherIncomeExpensesNet": 13000000,
    "incomeBeforeTax": 1613000000,
    "incomeBeforeTaxRatio": 0.1452629683,
    "incomeTaxExpense": 330000000,
    "netIncome": 1283000000,
    "netIncomeRatio": 0.1155439481,
    "eps": 4.15,
    "epsdiluted": 4.12,
    "weightedAverageShsOut": 309100000,
    "weightedAverageShsOutDil": 311500000,
    "link": "https://www.sec.gov/Archives/edgar/data/315189/000155837021016864/0001558370-21-016864-index.htm",
    "finalLink": "https://www.sec.gov/Archives/edgar/data/315189/000155837021016864/de-20211031x10k.htm"
  },
  {
    "date": "2021-08-01",
    "symbol": "DE",
    "reportedCurrency": "USD",
    "cik": "0000315189",
    "fillingDate": "2021-08-26",
    "acceptedDate": "2021-08-26 13:31:28",
    "calendarYear": "2021",
    "period": "Q3",
    "revenue": 11238000000,
    "costOfRevenue": 7574000000,
    "grossProfit": 3664000000,
    "grossProfitRatio": 0.3260366613,
    "researchAndDevelopmentExpenses": 394000000,
    "generalAndAdministrativeExpenses": 0,
    "sellingAndMarketingExpenses": 0,
    "sellingGeneralAndAdministrativeExpenses": 841000000,
    "otherExpenses": 324000000,
    "operatingExpenses": 1559000000,
    "costAndExpenses": 9133000000,
    "interestIncome": 0,
    "interestExpense": 244000000,
    "depreciationAndAmortization": 515000000,
    "ebitda": 2909000000,
    "ebitdaratio": 0.2588538886,
    "operatingIncome": 2105000000,
    "operatingIncomeRatio": 0.1873109094,
    "totalOtherIncomeExpensesNet": 45000000,
    "incomeBeforeTax": 2150000000,
    "incomeBeforeTaxRatio": 0.1913151806,
    "incomeTaxExpense": 491000000,
    "netIncome": 1667000000,
    "netIncomeRatio": 0.1483360028,
    "eps": 5.36,
    "epsdiluted": 5.32,
    "weightedAverageShsOut": 311000000,
    "weightedAverageShsOutDil": 313400000,
    "link": "https://www.sec.gov/Archives/edgar/data/315189/000155837021012088/0001558370-21-012088-index.htm",
    "finalLink": "https://www.sec.gov/Archives/edgar/data/315189/000155837021012088/de-20210801x10q.htm"
  },
  {
    "date": "2021-05-02",
    "symbol": "DE",
    "reportedCurrency": "USD",
    "cik": "0000315189",
    "fillingDate": "2021-05-27",
    "acceptedDate": "2021-05-27 13:21:43",
    "calendarYear": "2021",
    "period": "Q2",
    "revenue": 11807000000,
    "costOfRevenue": 7928000000,
    "grossProfit": 3879000000,
    "grossProfitRatio": 0.3285339206,
    "researchAndDevelopmentExpenses": 377000000,
    "generalAndAdministrativeExpenses": 0,
    "sellingAndMarketingExpenses": 0,
    "sellingGeneralAndAdministrativeExpenses": 838000000,
    "otherExpenses": 335000000,
    "operatingExpenses": 1550000000,
    "costAndExpenses": 9478000000,
    "interestIncome": 0,
    "interestExpense": 268000000,
    "depreciationAndAmortization": 516000000,
    "ebitda": 3096000000,
    "ebitdaratio": 0.2622173287,
    "operatingIncome": 2329000000,
    "operatingIncomeRatio": 0.1972558652,
    "totalOtherIncomeExpensesNet": -17000000,
    "incomeBeforeTax": 2312000000,
    "incomeBeforeTaxRatio": 0.1958160413,
    "incomeTaxExpense": 530000000,
    "netIncome": 1790000000,
    "netIncomeRatio": 0.1516049801,
    "eps": 5.72,
    "epsdiluted": 5.68,
    "weightedAverageShsOut": 312800000,
    "weightedAverageShsOutDil": 315200000,
    "link": "https://www.sec.gov/Archives/edgar/data/315189/000155837021007781/0001558370-21-007781-index.htm",
    "finalLink": "https://www.sec.gov/Archives/edgar/data/315189/000155837021007781/de-20210502x10q.htm"
  },
  {
    "date": "2021-01-31",
    "symbol": "DE",
    "reportedCurrency": "USD",
    "cik": "0000315189",
    "fillingDate": "2021-02-25",
    "acceptedDate": "2021-02-25 14:07:21",
    "calendarYear": "2021",
    "period": "Q1",
    "revenue": 8885000000,
    "costOfRevenue": 5805000000,
    "grossProfit": 3080000000,
    "grossProfitRatio": 0.3466516601,
    "researchAndDevelopmentExpenses": 366000000,
    "generalAndAdministrativeExpenses": 0,
    "sellingAndMarketingExpenses": 0,
    "sellingGeneralAndAdministrativeExpenses": 769000000,
    "otherExpenses": 373000000,
    "operatingExpenses": 1508000000,
    "costAndExpenses": 7313000000,
    "interestIncome": 0,
    "interestExpense": 271000000,
    "depreciationAndAmortization": 538000000,
    "ebitda": 2337000000,
    "ebitdaratio": 0.2630275746,
    "operatingIncome": 1572000000,
    "operatingIncomeRatio": 0.1769274057,
    "totalOtherIncomeExpensesNet": -44000000,
    "incomeBeforeTax": 1528000000,
    "incomeBeforeTaxRatio": 0.1719752392,
    "incomeTaxExpense": 308000000,
    "netIncome": 1224000000,
    "netIncomeRatio": 0.1377602701,
    "eps": 3.9,
    "epsdiluted": 3.87,
    "weightedAverageShsOut": 313500000,
    "weightedAverageShsOutDil": 316100000,
    "link": "https://www.sec.gov/Archives/edgar/data/315189/000155837021001774/0001558370-21-001774-index.htm",
    "finalLink": "https://www.sec.gov/Archives/edgar/data/315189/000155837021001774/de-20210131x10q.htm"
  },
  {
    "date": "2020-11-01",
    "symbol": "DE",
    "reportedCurrency": "USD",
    "cik": "0000315189",
    "fillingDate": "2020-12-17",
    "acceptedDate": "2020-12-17 11:19:00",
    "calendarYear": "2020",
    "period": "Q4",
    "revenue": 9526000000,
    "costOfRevenue": 6659000000,
    "grossProfit": 2867000000,
    "grossProfitRatio": 0.3009657779,
    "researchAndDevelopmentExpenses": 443000000,
    "generalAndAdministrativeExpenses": 979000000,
    "sellingAndMarketingExpenses": 0,
    "sellingGeneralAndAdministrativeExpenses": 979000000,
    "otherExpenses": 256000000,
    "operatingExpenses": 1678000000,
    "costAndExpenses": 8337000000,
    "interestIncome": 0,
    "interestExpense": 278000000,
    "depreciationAndAmortization": 504000000,
    "ebitda": 1898000000,
    "ebitdaratio": 0.1992441738,
    "operatingIncome": 1189000000,
    "operatingIncomeRatio": 0.1248162923,
    "totalOtherIncomeExpensesNet": -73000000,
    "incomeBeforeTax": 1116000000,
    "incomeBeforeTaxRatio": 0.1171530548,
    "incomeTaxExpense": 330000000,
    "netIncome": 758000000,
    "netIncomeRatio": 0.0795716985,
    "eps": 2.41,
    "epsdiluted": 2.39,
    "weightedAverageShsOut": 314100000,
    "weightedAverageShsOutDil": 317100000,
    "link": "https://www.sec.gov/Archives/edgar/data/315189/000155837020014436/0001558370-20-014436-index.htm",
    "finalLink": "https://www.sec.gov/Archives/edgar/data/315189/000155837020014436/de-20201101x10k.htm"
  },
  {
    "date": "2020-08-02",
    "symbol": "DE",
    "reportedCurrency": "USD",
    "cik": "0000315189",
    "fillingDate": "2020-08-27",
    "acceptedDate": "2020-08-27 12:45:16",
    "calendarYear": "2020",
    "period": "Q3",
    "revenue": 8697000000,
    "costOfRevenue": 5835000000,
    "grossProfit": 2862000000,
    "grossProfitRatio": 0.3290789928,
    "researchAndDevelopmentExpenses": 370000000,
    "generalAndAdministrativeExpenses": 752000000,
    "sellingAndMarketingExpenses": 0,
    "sellingGeneralAndAdministrativeExpenses": 752000000,
    "otherExpenses": 408000000,
    "operatingExpenses": 1530000000,
    "costAndExpenses": 7365000000,
    "interestIncome": 0,
    "interestExpense": 290000000,
    "depreciationAndAmortization": 547000000,
    "ebitda": 2107000000,
    "ebitdaratio": 0.2422674485,
    "operatingIncome": 1332000000,
    "operatingIncomeRatio": 0.1531562608,
    "totalOtherIncomeExpensesNet": -62000000,
    "incomeBeforeTax": 1270000000,
    "incomeBeforeTaxRatio": 0.1460273658,
    "incomeTaxExpense": 457000000,
    "netIncome": 811000000,
    "netIncomeRatio": 0.0932505462,
    "eps": 2.59,
    "epsdiluted": 2.57,
    "weightedAverageShsOut": 313000000,
    "weightedAverageShsOutDil": 315800000,
    "link": "https://www.sec.gov/Archives/edgar/data/315189/000155837020010868/0001558370-20-010868-index.htm",
    "finalLink": "https://www.sec.gov/Archives/edgar/data/315189/000155837020010868/de-20200802x10q.htm"
  },
  {
    "date": "2020-05-03",
    "symbol": "DE",
    "reportedCurrency": "USD",
    "cik": "0000315189",
    "fillingDate": "2020-05-28",
    "acceptedDate": "2020-05-28 14:21:34",
    "calendarYear": "2020",
    "period": "Q2",
    "revenue": 9073000000,
    "costOfRevenue": 6294000000,
    "grossProfit": 2779000000,
    "grossProfitRatio": 0.306293398,
    "researchAndDevelopmentExpenses": 406000000,
    "generalAndAdministrativeExpenses": 906000000,
    "sellingAndMarketingExpenses": 0,
    "sellingGeneralAndAdministrativeExpenses": 906000000,
    "otherExpenses": 377000000,
    "operatingExpenses": 1689000000,
    "costAndExpenses": 7983000000,
    "interestIncome": 0,
    "interestExpense": 342000000,
    "depreciationAndAmortization": 529000000,
    "ebitda": 1799000000,
    "ebitdaratio": 0.1982806128,
    "operatingIncome": 1090000000,
    "operatingIncomeRatio": 0.1201366692,
    "totalOtherIncomeExpensesNet": -162000000,
    "incomeBeforeTax": 928000000,
    "incomeBeforeTaxRatio": 0.1022814945,
    "incomeTaxExpense": 245000000,
    "netIncome": 666000000,
    "netIncomeRatio": 0.0734046071,
    "eps": 2.13,
    "epsdiluted": 2.11,
    "weightedAverageShsOut": 313200000,
    "weightedAverageShsOutDil": 316200000,
    "link": "https://www.sec.gov/Archives/edgar/data/315189/000155837020007066/0001558370-20-007066-index.htm",
    "finalLink": "https://www.sec.gov/Archives/edgar/data/315189/000155837020007066/de-20200503x10q.htm"
  }
]