[
  {
    "date": "2024-12-31",
    "symbol": "ISRG",
    "reportedCurrency": "USD",
    "cik": "0001035267",
    "fillingDate": "2025-01-31",
    "acceptedDate": "2025-01-31 17:20:49",
    "calendarYear": "2024",
    "period": "FY",
    "revenue": 8352100000,
    "costOfRevenue": 2717900000,
    "grossProfit": 5634200000,
    "grossProfitRatio": 0.674584835,
    "researchAndDevelopmentExpenses": 1145300000,
    "generalAndAdministrativeExpenses": 0,
    "sellingAndMarketingExpenses": 0,
    "sellingGeneralAndAdministrativeExpenses": 2140000000,
    "otherExpenses": 0,
    "operatingExpenses": 3285300000,
    "costAndExpenses": -6003200000,
    "interestIncome": 324900000,
    "interestExpense": 0,
    "depreciationAndAmortization": 324900000,
    "ebitda": 2673800000,
    "ebitdaratio": 0.3201350559,
    "operatingIncome": 2348900000,
    "operatingIncomeRatio": 0.2812346595,
    "totalOtherIncomeExpensesNet": 324900000,
    "incomeBeforeTax": 2673800000,
    "incomeBeforeTaxRatio": 0.3201350559,
    "incomeTaxExpense": 336300000,
    "netIncome": 2322600000,
    "netIncomeRatio": 0.2780857509,
    "eps": 6.5388,
    "epsdiluted": 6.42,
    "weightedAverageShsOut": 355200000,
    "weightedAverageShsOutDil": 362000000,
    "link": "https://www.sec.gov/Archives/edgar/data/1035267/000103526725000017/0001035267-25-000017-index.htm",
    "finalLink": "https://www.sec.gov/Archives/edgar/data/1035267/000103526725000017/isrg-20241231.htm"
  },
  {
    "date": "2023-12-31",
    "symbol": "ISRG",
    "reportedCurrency": "USD",
    "cik": "0001035267",
    "fillingDate": "2024-01-31",
    "acceptedDate": "2024-01-31 17:16:45",
    "calendarYear": "2023",
    "period": "FY",
    "revenue": 7124100000,
    "costOfRevenue": 2394600000,
    "grossProfit": 4729500000,
    "grossProfitRatio": 0.6638733314,
    "researchAndDevelopmentExpenses": 998800000,
    "generalAndAdministrativeExpenses": 0,
    "sellingAndMarketingExpenses": 0,
    "sellingGeneralAndAdministrativeExpenses": 1963900000,
    "otherExpenses": 0,
    "operatingExpenses": 2962700000,
    "costAndExpenses": 5357300000,
    "interestIncome": 192100000,
    "interestExpense": 0,
    "depreciationAndAmortization": 421800000,
    "ebitda": 2169000000,
    "ebitdaratio": 0.3044595107,
    "operatingIncome": 1766800000,
    "operatingIncomeRatio": 0.2480032566,
    "totalOtherIncomeExpensesNet": 192100000,
    "incomeBeforeTax": 1958900000,
    "incomeBeforeTaxRatio": 0.2749680661,
    "incomeTaxExpense": 141600000,
    "netIncome": 1798000000,
    "netIncomeRatio": 0.2523827571,
    "eps": 5.12,
    "epsdiluted": 5.03,
    "weightedAverageShsOut": 351200000,
    "weightedAverageShsOutDil": 357400000,
    "link": "https://www.sec.gov/Archives/edgar/data/1035267/000103526724000021/0001035267-24-000021-index.htm",
    "finalLink": "https://www.sec.gov/Archives/edgar/data/1035267/000103526724000021/isrg-20231231.htm"
  },
  {
    "date": "2022-12-31",
    "symbol": "ISRG",
    "reportedCurrency": "USD",
    "cik": "0001035267",
    "fillingDate": "2023-02-10",
    "acceptedDate": "2023-02-10 17:11:19",
    "calendarYear": "2022",
    "period": "FY",
    "revenue": 6222200000,
    "costOfRevenue": 2026200000,
    "grossProfit": 4196000000,
    "grossProfitRatio": 0.6743595513,
    "researchAndDevelopmentExpenses": 879000000,
    "generalAndAdministrativeExpenses": 0,
    "sellingAndMarketingExpenses": 0,
    "sellingGeneralAndAdministrativeExpenses": 1739900000,
    "otherExpenses": 0,
    "operatingExpenses": 2618900000,
    "costAndExpenses": 4645100000,
    "interestIncome": 29700000,
    "interestExpense": 29700000,
    "depreciationAndAmortization": 380400000,
    "ebitda": 1942900000,
    "ebitdaratio": 0.3122529009,
    "operatingIncome": 1211300000,
    "operatingIncomeRatio": 0.1946739095,
    "totalOtherIncomeExpensesNet": 29700000,
    "incomeBeforeTax": 1606800000,
    "incomeBeforeTaxRatio": 0.2582366366,
    "incomeTaxExpense": 262400000,
    "netIncome": 1322300000,
    "netIncomeRatio": 0.212513259,
    "eps": 3.72,
    "epsdiluted": 3.65,
    "weightedAverageShsOut": 355700000,
    "weightedAverageShsOutDil": 362000000,
    "link": "https://www.sec.gov/Archives/edgar/data/1035267/000103526723000019/0001035267-23-000019-index.htm",
    "finalLink": "https://www.sec.gov/Archives/edgar/data/1035267/000103526723000019/isrg-20221231.htm"
  },
  {
    "date": "2021-12-31",
    "symbol": "ISRG",
    "reportedCurrency": "USD",
    "cik": "0001035267",
    "fillingDate": "2022-02-03",
    "acceptedDate": "2022-02-03 16:59:03",
    "calendarYear": "2021",
    "period": "FY",
    "revenue": 5710100000,
    "costOfRevenue": 1751600000,
    "grossProfit": 3958500000,
    "grossProfitRatio": 0.6932453022,
    "researchAndDevelopmentExpenses": 671000000,
    "generalAndAdministrativeExpenses": 0,
    "sellingAndMarketingExpenses": 0,
    "sellingGeneralAndAdministrativeExpenses": 1466500000,
    "otherExpenses": 0,
    "operatingExpenses": 2137500000,
    "costAndExpenses": 3889100000,
    "interestIncome": 69300000,
    "interestExpense": 0,
    "depreciationAndAmortization": 317000000,
    "ebitda": 2131200000,
    "ebitdaratio": 0.3732333935,
    "operatingIncome": 1821000000,
    "operatingIncomeRatio": 0.3189086005,
    "totalOtherIncomeExpensesNet": 69300000,
    "incomeBeforeTax": 1890300000,
    "incomeBeforeTaxRatio": 0.3310449905,
    "incomeTaxExpense": 162200000,
    "netIncome": 1704600000,
    "netIncomeRatio": 0.2985236686,
    "eps": 4.79,
    "epsdiluted": 4.66,
    "weightedAverageShsOut": 356100000,
    "weightedAverageShsOutDil": 365800000,
    "link": "https://www.sec.gov/Archives/edgar/data/1035267/000103526722000014/0001035267-22-000014-index.htm",
    "finalLink": "https://www.sec.gov/Archives/edgar/data/1035267/000103526722000014/isrg-20211231.htm"
  },
  {
    "date": "2020-12-31",
    "symbol": "ISRG",
    "reportedCurrency": "USD",
    "cik": "0001035267",
    "fillingDate": "2021-02-10",
    "acceptedDate": "2021-02-09 21:47:57",
    "calendarYear": "2020",
    "period": "FY",
    "revenue": 4358400000,
    "costOfRevenue": 1497200000,
    "grossProfit": 2861200000,
    "grossProfitRatio": 0.656479442,
    "researchAndDevelopmentExpenses": 595100000,
    "generalAndAdministrativeExpenses": 0,
    "sellingAndMarketingExpenses": 0,
    "sellingGeneralAndAdministrativeExpenses": 1216300000,
    "otherExpenses": 0,
    "operatingExpenses": 1811400000,
    "costAndExpenses": 3308600000,
    "interestIncome": 157200000,
    "interestExpense": 0,
    "depreciationAndAmortization": 282500000,
    "ebitda": 1326000000,
    "ebitdaratio": 0.3042400881,
    "operatingIncome": 773600000,
    "operatingIncomeRatio": 0.1774963289,
    "totalOtherIncomeExpensesNet": 157200000,
    "incomeBeforeTax": 1207000000,
    "incomeBeforeTaxRatio": 0.2769364905,
    "incomeTaxExpense": 140200000,
    "netIncome": 1060600000,
    "netIncomeRatio": 0.2433461821,
    "eps": 3.02,
    "epsdiluted": 2.94,
    "weightedAverageShsOut": 351000024,
    "weightedAverageShsOutDil": 360900025,
    "link": "https://www.sec.gov/Archives/edgar/data/1035267/000103526721000028/0001035267-21-000028-index.htm",
    "finalLink": "https://www.sec.gov/Archives/edgar/data/1035267/000103526721000028/isrg-20201231.htm"
  },
  {
    "date": "2019-12-31",
    "symbol": "ISRG",
    "reportedCurrency": "USD",
    "cik": "0001035267",
    "fillingDate": "2020-02-07",
    "acceptedDate": "2020-02-07 17:18:28",
    "calendarYear": "2019",
    "period": "FY",
    "revenue": 4478500000,
    "costOfRevenue": 1368300000,
    "grossProfit": 3110200000,
    "grossProfitRatio": 0.6944735961,
    "researchAndDevelopmentExpenses": 557300000,
    "generalAndAdministrativeExpenses": 0,
    "sellingAndMarketingExpenses": 0,
    "sellingGeneralAndAdministrativeExpenses": 1178400000,
    "otherExpenses": 0,
    "operatingExpenses": 1735700000,
    "costAndExpenses": 3104000000,
    "interestIncome": 116800000,
    "interestExpense": 0,
    "depreciationAndAmortization": 199700000,
    "ebitda": 1577500000,
    "ebitdaratio": 0.3522384727,
    "operatingIncome": 1374500000,
    "operatingIncomeRatio": 0.306910796,
    "totalOtherIncomeExpensesNet": 127700000,
    "incomeBeforeTax": 1502200000,
    "incomeBeforeTaxRatio": 0.3354248074,
    "incomeTaxExpense": 120400000,
    "netIncome": 1379300000,
    "netIncomeRatio": 0.3079825835,
    "eps": 3.98,
    "epsdiluted": 3.85,
    "weightedAverageShsOut": 346200024,
    "weightedAverageShsOutDil": 358500025,
    "link": "https://www.sec.gov/Archives/edgar/data/1035267/000103526720000032/0001035267-20-000032-index.htm",
    "finalLink": "https://www.sec.gov/Archives/edgar/data/1035267/000103526720000032/isrg-20191231.htm"
  },
  {
    "date": "2018-12-31",
    "symbol": "ISRG",
    "reportedCurrency": "USD",
    "cik": "0001035267",
    "fillingDate": "2019-02-04",
    "acceptedDate": "2019-02-04 17:27:54",
    "calendarYear": "2018",
    "period": "FY",
    "revenue": 3724200000,
    "costOfRevenue": 1120100000,
    "grossProfit": 2604100000,
    "grossProfitRatio": 0.6992374201,
    "researchAndDevelopmentExpenses": 418100000,
    "generalAndAdministrativeExpenses": 986600000,
    "sellingAndMarketingExpenses": 0,
    "sellingGeneralAndAdministrativeExpenses": 986600000,
    "otherExpenses": 0,
    "operatingExpenses": 1404700000,
    "costAndExpenses": 2524800000,
    "interestIncome": 0,
    "interestExpense": 0,
    "depreciationAndAmortization": 120100000,
    "ebitda": 1322200000,
    "ebitdaratio": 0.355029268,
    "operatingIncome": 1199400000,
    "operatingIncomeRatio": 0.3220557435,
    "totalOtherIncomeExpensesNet": 80100000,
    "incomeBeforeTax": 1279500000,
    "incomeBeforeTaxRatio": 0.3435637184,
    "incomeTaxExpense": 154500000,
    "netIncome": 1127900000,
    "netIncomeRatio": 0.3028569894,
    "eps": 3.31,
    "epsdiluted": 3.16,
    "weightedAverageShsOut": 341100000,
    "weightedAverageShsOutDil": 356400000,
    "link": "https://www.sec.gov/Archives/edgar/data/1035267/000103526719000012/0001035267-19-000012-index.htm",
    "finalLink": "https://www.sec.gov/Archives/edgar/data/1035267/000103526719000012/isrg-20181231x10k.htm"
  },
  {
    "date": "2017-12-31",
    "symbol": "ISRG",
    "reportedCurrency": "USD",
    "cik": "0001035267",
    "fillingDate": "2018-02-02",
    "acceptedDate": "2018-02-02 17:18:02",
    "calendarYear": "2017",
    "period": "FY",
    "revenue": 3128900000,
    "costOfRevenue": 934800000,
    "grossProfit": 2194100000,
    "grossProfitRatio": 0.7012368564,
    "researchAndDevelopmentExpenses": 328600000,
    "generalAndAdministrativeExpenses": 810900000,
    "sellingAndMarketingExpenses": 0,
    "sellingGeneralAndAdministrativeExpenses": 810900000,
    "otherExpenses": 0,
    "operatingExpenses": 1139500000,
    "costAndExpenses": 2074300000,
    "interestIncome": 0,
    "interestExpense": 0,
    "depreciationAndAmortization": 95000000,
    "ebitda": 1157900000,
    "ebitdaratio": 0.3700661574,
    "operatingIncome": 1054600000,
    "operatingIncomeRatio": 0.3370513599,
    "totalOtherIncomeExpensesNet": 41900000,
    "incomeBeforeTax": 1096500000,
    "incomeBeforeTaxRatio": 0.3504426476,
    "incomeTaxExpense": 436500000,
    "netIncome": 660000000,
    "netIncomeRatio": 0.2109367509,
    "eps": 1.97,
    "epsdiluted": 1.89,
    "weightedAverageShsOut": 335100000,
    "weightedAverageShsOutDil": 348900000,
    "link": "https://www.sec.gov/Archives/edgar/data/1035267/000103526718000013/0001035267-18-000013-index.htm",
    "finalLink": "https://www.sec.gov/Archives/edgar/data/1035267/000103526718000013/isrg-20171231x10k.htm"
  },
  {
    "date": "2016-12-31",
    "symbol": "ISRG",
    "reportedCurrency": "USD",
    "cik": "0001035267",
    "fillingDate": "2017-02-06",
    "acceptedDate": "2017-02-03 18:05:19",
    "calendarYear": "2016",
    "period": "FY",
    "revenue": 2704400000,
    "costOfRevenue": 814300000,
    "grossProfit": 1890100000,
    "grossProfitRatio": 0.698898092,
    "researchAndDevelopmentExpenses": 239600000,
    "generalAndAdministrativeExpenses": 705300000,
    "sellingAndMarketingExpenses": 0,
    "sellingGeneralAndAdministrativeExpenses": 705300000,
    "otherExpenses": 0,
    "operatingExpenses": 944900000,
    "costAndExpenses": 1759200000,
    "interestIncome": 0,
    "interestExpense": 0,
    "depreciationAndAmortization": 88900000,
    "ebitda": 1050700000,
    "ebitdaratio": 0.3885150126,
    "operatingIncome": 945200000,
    "operatingIncomeRatio": 0.3495045112,
    "totalOtherIncomeExpensesNet": 35600000,
    "incomeBeforeTax": 980800000,
    "incomeBeforeTaxRatio": 0.3626682443,
    "incomeTaxExpense": 244900000,
    "netIncome": 735900000,
    "netIncomeRatio": 0.2721121136,
    "eps": 2.13,
    "epsdiluted": 2.08,
    "weightedAverageShsOut": 344700000,
    "weightedAverageShsOutDil": 353700000,
    "link": "https://www.sec.gov/Archives/edgar/data/1035267/000103526717000021/0001035267-17-000021-index.htm",
    "finalLink": "https://www.sec.gov/Archives/edgar/data/1035267/000103526717000021/isrg-20161231x10k.htm"
  },
  {
    "date": "2015-12-31",
    "symbol": "ISRG",
    "reportedCurrency": "USD",
    "cik": "0001035267",
    "fillingDate": "2016-02-02",
    "acceptedDate": "2016-02-02 17:22:41",
    "calendarYear": "2015",
    "period": "FY",
    "revenue": 2384400000,
    "costOfRevenue": 806500000,
    "grossProfit": 1577900000,
    "grossProfitRatio": 0.6617597719,
    "researchAndDevelopmentExpenses": 197400000,
    "generalAndAdministrativeExpenses": 640500000,
    "sellingAndMarketingExpenses": 0,
    "sellingGeneralAndAdministrativeExpenses": 640500000,
    "otherExpenses": 0,
    "operatingExpenses": 837900000,
    "costAndExpenses": 1644400000,
    "interestIncome": 0,
    "interestExpense": 0,
    "depreciationAndAmortization": 89500000,
    "ebitda": 829500000,
    "ebitdaratio": 0.3478862607,
    "operatingIncome": 740000000,
    "operatingIncomeRatio": 0.3103506123,
    "totalOtherIncomeExpensesNet": 18500000,
    "incomeBeforeTax": 758500000,
    "incomeBeforeTaxRatio": 0.3181093776,
    "incomeTaxExpense": 169700000,
    "netIncome": 588800000,
    "netIncomeRatio": 0.2469384331,
    "eps": 1.76,
    "epsdiluted": 1.73,
    "weightedAverageShsOut": 333900000,
    "weightedAverageShsOutDil": 341100000,
    "link": "https://www.sec.gov/Archives/edgar/data/1035267/000103526716000130/0001035267-16-000130-index.htm",
    "finalLink": "https://www.sec.gov/Archives/edgar/data/1035267/000103526716000130/isrg-20151231x10k.htm"
  }
]