[
  {
    "date": "2024-12-31",
    "symbol": "ISRG",
    "reportedCurrency": "USD",
    "cik": "0001035267",
    "fillingDate": "2025-01-31",
    "acceptedDate": "2025-01-31 17:20:49",
    "calendarYear": "2024",
    "period": "Q4",
    "revenue": 2413500000,
    "costOfRevenue": 771300000,
    "grossProfit": 1642200000,
    "grossProfitRatio": 0.6804226227,
    "researchAndDevelopmentExpenses": 294700000,
    "generalAndAdministrativeExpenses": 0,
    "sellingAndMarketingExpenses": 0,
    "sellingGeneralAndAdministrativeExpenses": 612600000,
    "otherExpenses": 0,
    "operatingExpenses": 907300000,
    "costAndExpenses": -1678600000,
    "interestIncome": 74900000,
    "interestExpense": 0,
    "depreciationAndAmortization": 74900000,
    "ebitda": 809800000,
    "ebitdaratio": 0.3355293143,
    "operatingIncome": 734900000,
    "operatingIncomeRatio": 0.3044955459,
    "totalOtherIncomeExpensesNet": 74900000,
    "incomeBeforeTax": 809800000,
    "incomeBeforeTaxRatio": 0.3355293143,
    "incomeTaxExpense": 121800000,
    "netIncome": 685700000,
    "netIncomeRatio": 0.2841102134,
    "eps": 1.924,
    "epsdiluted": 1.88,
    "weightedAverageShsOut": 356400000,
    "weightedAverageShsOutDil": 363900000,
    "link": "https://www.sec.gov/Archives/edgar/data/1035267/000103526725000017/0001035267-25-000017-index.htm",
    "finalLink": "https://www.sec.gov/Archives/edgar/data/1035267/000103526725000017/isrg-20241231.htm"
  },
  {
    "date": "2024-09-30",
    "symbol": "ISRG",
    "reportedCurrency": "USD",
    "cik": "0001035267",
    "fillingDate": "2024-10-18",
    "acceptedDate": "2024-10-18 16:45:39",
    "calendarYear": "2024",
    "period": "Q3",
    "revenue": 2038100000,
    "costOfRevenue": 664200000,
    "grossProfit": 1373900000,
    "grossProfitRatio": 0.6741082381,
    "researchAndDevelopmentExpenses": 286000000,
    "generalAndAdministrativeExpenses": 0,
    "sellingAndMarketingExpenses": 0,
    "sellingGeneralAndAdministrativeExpenses": 510600000,
    "otherExpenses": 0,
    "operatingExpenses": 796600000,
    "costAndExpenses": 1460800000,
    "interestIncome": 0,
    "interestExpense": 0,
    "depreciationAndAmortization": 116200000,
    "ebitda": 693500000,
    "ebitdaratio": 0.3402678966,
    "operatingIncome": 577300000,
    "operatingIncomeRatio": 0.2832540111,
    "totalOtherIncomeExpensesNet": 93700000,
    "incomeBeforeTax": 671000000,
    "incomeBeforeTaxRatio": 0.3292282027,
    "incomeTaxExpense": 100400000,
    "netIncome": 565100000,
    "netIncomeRatio": 0.2772680438,
    "eps": 1.5882,
    "epsdiluted": 1.558,
    "weightedAverageShsOut": 355800000,
    "weightedAverageShsOutDil": 362700000,
    "link": "https://www.sec.gov/Archives/edgar/data/1035267/000103526724000247/0001035267-24-000247-index.htm",
    "finalLink": "https://www.sec.gov/Archives/edgar/data/1035267/000103526724000247/isrg-20240930.htm"
  },
  {
    "date": "2024-06-30",
    "symbol": "ISRG",
    "reportedCurrency": "USD",
    "cik": "0001035267",
    "fillingDate": "2024-07-19",
    "acceptedDate": "2024-07-19 17:03:43",
    "calendarYear": "2024",
    "period": "Q2",
    "revenue": 2009900000,
    "costOfRevenue": 637200000,
    "grossProfit": 1372700000,
    "grossProfitRatio": 0.682969302,
    "researchAndDevelopmentExpenses": 280100000,
    "generalAndAdministrativeExpenses": 0,
    "sellingAndMarketingExpenses": 0,
    "sellingGeneralAndAdministrativeExpenses": 525299999,
    "otherExpenses": 1,
    "operatingExpenses": 805400000,
    "costAndExpenses": 1442600000,
    "interestIncome": 87200000,
    "interestExpense": 0,
    "depreciationAndAmortization": 111800000,
    "ebitda": 679100000,
    "ebitdaratio": 0.3378775063,
    "operatingIncome": 567300000,
    "operatingIncomeRatio": 0.2822528484,
    "totalOtherIncomeExpensesNet": 87200000,
    "incomeBeforeTax": 654500000,
    "incomeBeforeTaxRatio": 0.3256380914,
    "incomeTaxExpense": 123000000,
    "netIncome": 526900000,
    "netIncomeRatio": 0.2621523459,
    "eps": 1.4842,
    "epsdiluted": 1.4596,
    "weightedAverageShsOut": 355000000,
    "weightedAverageShsOutDil": 361000000,
    "link": "https://www.sec.gov/Archives/edgar/data/1035267/000103526724000207/0001035267-24-000207-index.htm",
    "finalLink": "https://www.sec.gov/Archives/edgar/data/1035267/000103526724000207/isrg-20240630.htm"
  },
  {
    "date": "2024-03-31",
    "symbol": "ISRG",
    "reportedCurrency": "USD",
    "cik": "0001035267",
    "fillingDate": "2024-04-19",
    "acceptedDate": "2024-04-19 09:00:40",
    "calendarYear": "2024",
    "period": "Q1",
    "revenue": 1890600000,
    "costOfRevenue": 645200000,
    "grossProfit": 1245400000,
    "grossProfitRatio": 0.6587326775,
    "researchAndDevelopmentExpenses": 284500000,
    "generalAndAdministrativeExpenses": 0,
    "sellingAndMarketingExpenses": 0,
    "sellingGeneralAndAdministrativeExpenses": 491500000,
    "otherExpenses": 0,
    "operatingExpenses": 776000000,
    "costAndExpenses": 1421200000,
    "interestIncome": 0,
    "interestExpense": 0,
    "depreciationAndAmortization": 109300000,
    "ebitda": 578700000,
    "ebitdaratio": 0.3060933037,
    "operatingIncome": 469400000,
    "operatingIncomeRatio": 0.248280969,
    "totalOtherIncomeExpensesNet": 69100000,
    "incomeBeforeTax": 538500000,
    "incomeBeforeTaxRatio": 0.2848302126,
    "incomeTaxExpense": -8900000,
    "netIncome": 544900000,
    "netIncomeRatio": 0.2882153814,
    "eps": 1.5414,
    "epsdiluted": 1.5115,
    "weightedAverageShsOut": 353500000,
    "weightedAverageShsOutDil": 360500000,
    "link": "https://www.sec.gov/Archives/edgar/data/1035267/000103526724000137/0001035267-24-000137-index.htm",
    "finalLink": "https://www.sec.gov/Archives/edgar/data/1035267/000103526724000137/isrg-20240331.htm"
  },
  {
    "date": "2023-12-31",
    "symbol": "ISRG",
    "reportedCurrency": "USD",
    "cik": "0001035267",
    "fillingDate": "2024-01-31",
    "acceptedDate": "2024-01-31 17:16:45",
    "calendarYear": "2023",
    "period": "Q4",
    "revenue": 1928300000,
    "costOfRevenue": 650900000,
    "grossProfit": 1277400000,
    "grossProfitRatio": 0.6624487891,
    "researchAndDevelopmentExpenses": 260100000,
    "generalAndAdministrativeExpenses": 0,
    "sellingAndMarketingExpenses": 0,
    "sellingGeneralAndAdministrativeExpenses": 567100000,
    "otherExpenses": 0,
    "operatingExpenses": 827200000,
    "costAndExpenses": 1478100000,
    "interestIncome": 92500000,
    "interestExpense": 28700000,
    "depreciationAndAmortization": 114000000,
    "ebitda": 553800000,
    "ebitdaratio": 0.2871959757,
    "operatingIncome": 450200000,
    "operatingIncomeRatio": 0.2334698958,
    "totalOtherIncomeExpensesNet": 65700000,
    "incomeBeforeTax": 515900000,
    "incomeBeforeTaxRatio": 0.2675413577,
    "incomeTaxExpense": -94800000,
    "netIncome": 606200000,
    "netIncomeRatio": 0.3143701706,
    "eps": 1.72,
    "epsdiluted": 1.69,
    "weightedAverageShsOut": 352100000,
    "weightedAverageShsOutDil": 358200000,
    "link": "https://www.sec.gov/Archives/edgar/data/1035267/000103526724000021/0001035267-24-000021-index.htm",
    "finalLink": "https://www.sec.gov/Archives/edgar/data/1035267/000103526724000021/isrg-20231231.htm"
  },
  {
    "date": "2023-09-30",
    "symbol": "ISRG",
    "reportedCurrency": "USD",
    "cik": "0001035267",
    "fillingDate": "2023-10-20",
    "acceptedDate": "2023-10-20 17:04:46",
    "calendarYear": "2023",
    "period": "Q3",
    "revenue": 1743700000,
    "costOfRevenue": 576500000,
    "grossProfit": 1167200000,
    "grossProfitRatio": 0.6693812009,
    "researchAndDevelopmentExpenses": 249400000,
    "generalAndAdministrativeExpenses": 0,
    "sellingAndMarketingExpenses": 0,
    "sellingGeneralAndAdministrativeExpenses": 452000000,
    "otherExpenses": 0,
    "operatingExpenses": 701400000,
    "costAndExpenses": 1277900000,
    "interestIncome": 45800000,
    "interestExpense": 0,
    "depreciationAndAmortization": 108600000,
    "ebitda": 574400000,
    "ebitdaratio": 0.3294144635,
    "operatingIncome": 465800000,
    "operatingIncomeRatio": 0.2671331078,
    "totalOtherIncomeExpensesNet": 56200000,
    "incomeBeforeTax": 522000000,
    "incomeBeforeTaxRatio": 0.2993634226,
    "incomeTaxExpense": 102200000,
    "netIncome": 415700000,
    "netIncomeRatio": 0.2384011011,
    "eps": 1.18,
    "epsdiluted": 1.16,
    "weightedAverageShsOut": 351700000,
    "weightedAverageShsOutDil": 358200000,
    "link": "https://www.sec.gov/Archives/edgar/data/1035267/000103526723000196/0001035267-23-000196-index.htm",
    "finalLink": "https://www.sec.gov/Archives/edgar/data/1035267/000103526723000196/isrg-20230930.htm"
  },
  {
    "date": "2023-06-30",
    "symbol": "ISRG",
    "reportedCurrency": "USD",
    "cik": "0001035267",
    "fillingDate": "2023-07-24",
    "acceptedDate": "2023-07-21 19:22:59",
    "calendarYear": "2023",
    "period": "Q2",
    "revenue": 1755900000,
    "costOfRevenue": 584000000,
    "grossProfit": 1171900000,
    "grossProfitRatio": 0.6674070277,
    "researchAndDevelopmentExpenses": 244400000,
    "generalAndAdministrativeExpenses": 0,
    "sellingAndMarketingExpenses": 0,
    "sellingGeneralAndAdministrativeExpenses": 464300000,
    "otherExpenses": 0,
    "operatingExpenses": 708700000,
    "costAndExpenses": 1292700000,
    "interestIncome": 36000000,
    "interestExpense": 0,
    "depreciationAndAmortization": 97300000,
    "ebitda": 560500000,
    "ebitdaratio": 0.3192095222,
    "operatingIncome": 365900000,
    "operatingIncomeRatio": 0.2083831653,
    "totalOtherIncomeExpensesNet": 36000000,
    "incomeBeforeTax": 499200000,
    "incomeBeforeTaxRatio": 0.2842986503,
    "incomeTaxExpense": 73200000,
    "netIncome": 420800000,
    "netIncomeRatio": 0.2396491828,
    "eps": 1.2,
    "epsdiluted": 1.18,
    "weightedAverageShsOut": 350900000,
    "weightedAverageShsOutDil": 357300000,
    "link": "https://www.sec.gov/Archives/edgar/data/1035267/000103526723000159/0001035267-23-000159-index.htm",
    "finalLink": "https://www.sec.gov/Archives/edgar/data/1035267/000103526723000159/isrg-20230630.htm"
  },
  {
    "date": "2023-03-31",
    "symbol": "ISRG",
    "reportedCurrency": "USD",
    "cik": "0001035267",
    "fillingDate": "2023-04-20",
    "acceptedDate": "2023-04-20 16:45:19",
    "calendarYear": "2023",
    "period": "Q1",
    "revenue": 1696200000,
    "costOfRevenue": 583200000,
    "grossProfit": 1113000000,
    "grossProfitRatio": 0.6561726212,
    "researchAndDevelopmentExpenses": 244900000,
    "generalAndAdministrativeExpenses": 0,
    "sellingAndMarketingExpenses": 0,
    "sellingGeneralAndAdministrativeExpenses": 480500000,
    "otherExpenses": 0,
    "operatingExpenses": 725400000,
    "costAndExpenses": 1308600000,
    "interestIncome": 37900000,
    "interestExpense": 0,
    "depreciationAndAmortization": 92700000,
    "ebitda": 480300000,
    "ebitdaratio": 0.2831623629,
    "operatingIncome": 294900000,
    "operatingIncomeRatio": 0.1738592147,
    "totalOtherIncomeExpensesNet": 34200000,
    "incomeBeforeTax": 421800000,
    "incomeBeforeTaxRatio": 0.2486735055,
    "incomeTaxExpense": 61000000,
    "netIncome": 355300000,
    "netIncomeRatio": 0.2094682231,
    "eps": 1.01,
    "epsdiluted": 1,
    "weightedAverageShsOut": 350200000,
    "weightedAverageShsOutDil": 356000000,
    "link": "https://www.sec.gov/Archives/edgar/data/1035267/000103526723000092/0001035267-23-000092-index.htm",
    "finalLink": "https://www.sec.gov/Archives/edgar/data/1035267/000103526723000092/isrg-20230331.htm"
  },
  {
    "date": "2022-12-31",
    "symbol": "ISRG",
    "reportedCurrency": "USD",
    "cik": "0001035267",
    "fillingDate": "2023-02-10",
    "acceptedDate": "2023-02-10 17:11:19",
    "calendarYear": "2022",
    "period": "Q4",
    "revenue": 1655000000,
    "costOfRevenue": 544100000,
    "grossProfit": 1110900000,
    "grossProfitRatio": 0.6712386707,
    "researchAndDevelopmentExpenses": 244100000,
    "generalAndAdministrativeExpenses": 0,
    "sellingAndMarketingExpenses": 0,
    "sellingGeneralAndAdministrativeExpenses": 494300000,
    "otherExpenses": 0,
    "operatingExpenses": 738400000,
    "costAndExpenses": 1282500000,
    "interestIncome": 22200000,
    "interestExpense": 22200000,
    "depreciationAndAmortization": 112100000,
    "ebitda": 506800000,
    "ebitdaratio": 0.306223565,
    "operatingIncome": 266300000,
    "operatingIncomeRatio": 0.1609063444,
    "totalOtherIncomeExpensesNet": 22200000,
    "incomeBeforeTax": 394700000,
    "incomeBeforeTaxRatio": 0.238489426,
    "incomeTaxExpense": 58000000,
    "netIncome": 324900000,
    "netIncomeRatio": 0.1963141994,
    "eps": 0.93,
    "epsdiluted": 0.91,
    "weightedAverageShsOut": 351100000,
    "weightedAverageShsOutDil": 357000000,
    "link": "https://www.sec.gov/Archives/edgar/data/1035267/000103526723000019/0001035267-23-000019-index.htm",
    "finalLink": "https://www.sec.gov/Archives/edgar/data/1035267/000103526723000019/isrg-20221231.htm"
  },
  {
    "date": "2022-09-30",
    "symbol": "ISRG",
    "reportedCurrency": "USD",
    "cik": "0001035267",
    "fillingDate": "2022-10-21",
    "acceptedDate": "2022-10-21 17:03:02",
    "calendarYear": "2022",
    "period": "Q3",
    "revenue": 1557400000,
    "costOfRevenue": 505300000,
    "grossProfit": 1052100000,
    "grossProfitRatio": 0.6755489919,
    "researchAndDevelopmentExpenses": 217100000,
    "generalAndAdministrativeExpenses": 0,
    "sellingAndMarketingExpenses": 0,
    "sellingGeneralAndAdministrativeExpenses": 436100000,
    "otherExpenses": 0,
    "operatingExpenses": 653200000,
    "costAndExpenses": 1158500000,
    "interestIncome": 3900000,
    "interestExpense": 3900000,
    "depreciationAndAmortization": 89800000,
    "ebitda": 488700000,
    "ebitdaratio": 0.3137922178,
    "operatingIncome": 309100000,
    "operatingIncomeRatio": 0.198471812,
    "totalOtherIncomeExpensesNet": 3900000,
    "incomeBeforeTax": 402800000,
    "incomeBeforeTaxRatio": 0.2586361885,
    "incomeTaxExpense": 78100000,
    "netIncome": 324000000,
    "netIncomeRatio": 0.2080390394,
    "eps": 0.91,
    "epsdiluted": 0.9,
    "weightedAverageShsOut": 355300000,
    "weightedAverageShsOutDil": 360500000,
    "link": "https://www.sec.gov/Archives/edgar/data/1035267/000103526722000169/0001035267-22-000169-index.htm",
    "finalLink": "https://www.sec.gov/Archives/edgar/data/1035267/000103526722000169/isrg-20220930.htm"
  },
  {
    "date": "2022-06-30",
    "symbol": "ISRG",
    "reportedCurrency": "USD",
    "cik": "0001035267",
    "fillingDate": "2022-07-22",
    "acceptedDate": "2022-07-22 17:24:57",
    "calendarYear": "2022",
    "period": "Q2",
    "revenue": 1522100000,
    "costOfRevenue": 498800000,
    "grossProfit": 1023300000,
    "grossProfitRatio": 0.6722948558,
    "researchAndDevelopmentExpenses": 207300000,
    "generalAndAdministrativeExpenses": 0,
    "sellingAndMarketingExpenses": 0,
    "sellingGeneralAndAdministrativeExpenses": 418400000,
    "otherExpenses": 0,
    "operatingExpenses": 625700000,
    "costAndExpenses": 1124500000,
    "interestIncome": 9300000,
    "interestExpense": 9300000,
    "depreciationAndAmortization": 86000000,
    "ebitda": 483600000,
    "ebitdaratio": 0.3177189409,
    "operatingIncome": 311600000,
    "operatingIncomeRatio": 0.2047171671,
    "totalOtherIncomeExpensesNet": 9300000,
    "incomeBeforeTax": 406900000,
    "incomeBeforeTaxRatio": 0.2673280336,
    "incomeTaxExpense": 93300000,
    "netIncome": 307800000,
    "netIncomeRatio": 0.2022206163,
    "eps": 0.86,
    "epsdiluted": 0.85,
    "weightedAverageShsOut": 358100000,
    "weightedAverageShsOutDil": 363900000,
    "link": "https://www.sec.gov/Archives/edgar/data/1035267/000103526722000128/0001035267-22-000128-index.htm",
    "finalLink": "https://www.sec.gov/Archives/edgar/data/1035267/000103526722000128/isrg-20220630.htm"
  },
  {
    "date": "2022-03-31",
    "symbol": "ISRG",
    "reportedCurrency": "USD",
    "cik": "0001035267",
    "fillingDate": "2022-04-22",
    "acceptedDate": "2022-04-22 17:26:40",
    "calendarYear": "2022",
    "period": "Q1",
    "revenue": 1487700000,
    "costOfRevenue": 478000000,
    "grossProfit": 1009700000,
    "grossProfitRatio": 0.6786986624,
    "researchAndDevelopmentExpenses": 210500000,
    "generalAndAdministrativeExpenses": 0,
    "sellingAndMarketingExpenses": 0,
    "sellingGeneralAndAdministrativeExpenses": 391100000,
    "otherExpenses": 0,
    "operatingExpenses": 601600000,
    "costAndExpenses": 1079600000,
    "interestIncome": 0,
    "interestExpense": 0,
    "depreciationAndAmortization": 83800000,
    "ebitda": 491900000,
    "ebitdaratio": 0.3306446192,
    "operatingIncome": 324300000,
    "operatingIncomeRatio": 0.2179874975,
    "totalOtherIncomeExpensesNet": -5700000,
    "incomeBeforeTax": 402400000,
    "incomeBeforeTaxRatio": 0.2704846407,
    "incomeTaxExpense": 33000000,
    "netIncome": 365600000,
    "netIncomeRatio": 0.2457484708,
    "eps": 1.02,
    "epsdiluted": 1,
    "weightedAverageShsOut": 358400000,
    "weightedAverageShsOutDil": 366700000,
    "link": "https://www.sec.gov/Archives/edgar/data/1035267/000103526722000085/0001035267-22-000085-index.htm",
    "finalLink": "https://www.sec.gov/Archives/edgar/data/1035267/000103526722000085/isrg-20220331.htm"
  },
  {
    "date": "2021-12-31",
    "symbol": "ISRG",
    "reportedCurrency": "USD",
    "cik": "0001035267",
    "fillingDate": "2022-02-03",
    "acceptedDate": "2022-02-03 16:59:03",
    "calendarYear": "2021",
    "period": "Q4",
    "revenue": 1550700000,
    "costOfRevenue": 489900000,
    "grossProfit": 1060800000,
    "grossProfitRatio": 0.6840781583,
    "researchAndDevelopmentExpenses": 183400000,
    "generalAndAdministrativeExpenses": 0,
    "sellingAndMarketingExpenses": 0,
    "sellingGeneralAndAdministrativeExpenses": 427000000,
    "otherExpenses": 0,
    "operatingExpenses": 610400000,
    "costAndExpenses": 1100300000,
    "interestIncome": 0,
    "interestExpense": 0,
    "depreciationAndAmortization": 83200000,
    "ebitda": 528500000,
    "ebitdaratio": 0.340813826,
    "operatingIncome": 450400000,
    "operatingIncomeRatio": 0.2904494744,
    "totalOtherIncomeExpensesNet": 3800000,
    "incomeBeforeTax": 454200000,
    "incomeBeforeTaxRatio": 0.2928999807,
    "incomeTaxExpense": 71500000,
    "netIncome": 380600000,
    "netIncomeRatio": 0.2454375443,
    "eps": 1.06,
    "epsdiluted": 1.04,
    "weightedAverageShsOut": 357500000,
    "weightedAverageShsOutDil": 367400000,
    "link": "https://www.sec.gov/Archives/edgar/data/1035267/000103526722000014/0001035267-22-000014-index.htm",
    "finalLink": "https://www.sec.gov/Archives/edgar/data/1035267/000103526722000014/isrg-20211231.htm"
  },
  {
    "date": "2021-09-30",
    "symbol": "ISRG",
    "reportedCurrency": "USD",
    "cik": "0001035267",
    "fillingDate": "2021-10-20",
    "acceptedDate": "2021-10-20 17:01:06",
    "calendarYear": "2021",
    "period": "Q3",
    "revenue": 1403300000,
    "costOfRevenue": 431900000,
    "grossProfit": 971400000,
    "grossProfitRatio": 0.6922254685,
    "researchAndDevelopmentExpenses": 165500000,
    "generalAndAdministrativeExpenses": 0,
    "sellingAndMarketingExpenses": 0,
    "sellingGeneralAndAdministrativeExpenses": 363300000,
    "otherExpenses": 0,
    "operatingExpenses": 528800000,
    "costAndExpenses": 960700000,
    "interestIncome": 0,
    "interestExpense": 0,
    "depreciationAndAmortization": 82100000,
    "ebitda": 524600000,
    "ebitdaratio": 0.3738331077,
    "operatingIncome": 442600000,
    "operatingIncomeRatio": 0.3153994157,
    "totalOtherIncomeExpensesNet": 18500000,
    "incomeBeforeTax": 461100000,
    "incomeBeforeTaxRatio": 0.3285826267,
    "incomeTaxExpense": 73900000,
    "netIncome": 380500000,
    "netIncomeRatio": 0.2711465831,
    "eps": 1.07,
    "epsdiluted": 1.04,
    "weightedAverageShsOut": 356799999,
    "weightedAverageShsOutDil": 366800000,
    "link": "https://www.sec.gov/Archives/edgar/data/1035267/000103526721000178/0001035267-21-000178-index.htm",
    "finalLink": "https://www.sec.gov/Archives/edgar/data/1035267/000103526721000178/isrg-20210930.htm"
  },
  {
    "date": "2021-06-30",
    "symbol": "ISRG",
    "reportedCurrency": "USD",
    "cik": "0001035267",
    "fillingDate": "2021-07-21",
    "acceptedDate": "2021-07-21 17:14:15",
    "calendarYear": "2021",
    "period": "Q2",
    "revenue": 1464000000,
    "costOfRevenue": 440300000,
    "grossProfit": 1023700000,
    "grossProfitRatio": 0.6992486339,
    "researchAndDevelopmentExpenses": 162300000,
    "generalAndAdministrativeExpenses": 0,
    "sellingAndMarketingExpenses": 0,
    "sellingGeneralAndAdministrativeExpenses": 350200000,
    "otherExpenses": 0,
    "operatingExpenses": 512500000,
    "costAndExpenses": 952800000,
    "interestIncome": 0,
    "interestExpense": 0,
    "depreciationAndAmortization": 78900000,
    "ebitda": 586800000,
    "ebitdaratio": 0.4008196721,
    "operatingIncome": 511200000,
    "operatingIncomeRatio": 0.3491803279,
    "totalOtherIncomeExpensesNet": 15000000,
    "incomeBeforeTax": 526200000,
    "incomeBeforeTaxRatio": 0.3594262295,
    "incomeTaxExpense": 3200000,
    "netIncome": 517200000,
    "netIncomeRatio": 0.3532786885,
    "eps": 1.45,
    "epsdiluted": 1.42,
    "weightedAverageShsOut": 355800000,
    "weightedAverageShsOutDil": 364800000,
    "link": "https://www.sec.gov/Archives/edgar/data/1035267/000103526721000119/0001035267-21-000119-index.htm",
    "finalLink": "https://www.sec.gov/Archives/edgar/data/1035267/000103526721000119/isrg-20210630.htm"
  },
  {
    "date": "2021-03-31",
    "symbol": "ISRG",
    "reportedCurrency": "USD",
    "cik": "0001035267",
    "fillingDate": "2021-04-21",
    "acceptedDate": "2021-04-21 16:25:33",
    "calendarYear": "2021",
    "period": "Q1",
    "revenue": 1292100000,
    "costOfRevenue": 389500000,
    "grossProfit": 902600000,
    "grossProfitRatio": 0.6985527436,
    "researchAndDevelopmentExpenses": 159800000,
    "generalAndAdministrativeExpenses": 0,
    "sellingAndMarketingExpenses": 0,
    "sellingGeneralAndAdministrativeExpenses": 326000000,
    "otherExpenses": 0,
    "operatingExpenses": 485800000,
    "costAndExpenses": 875300000,
    "interestIncome": 32000000,
    "interestExpense": 0,
    "depreciationAndAmortization": 71700000,
    "ebitda": 488500000,
    "ebitdaratio": 0.3780667131,
    "operatingIncome": 416800000,
    "operatingIncomeRatio": 0.322575652,
    "totalOtherIncomeExpensesNet": 32000000,
    "incomeBeforeTax": 448800000,
    "incomeBeforeTaxRatio": 0.347341537,
    "incomeTaxExpense": 13600000,
    "netIncome": 426300000,
    "netIncomeRatio": 0.3299280241,
    "eps": 3.61,
    "epsdiluted": 3.51,
    "weightedAverageShsOut": 353400012,
    "weightedAverageShsOutDil": 362850013,
    "link": "https://www.sec.gov/Archives/edgar/data/1035267/000103526721000067/0001035267-21-000067-index.htm",
    "finalLink": "https://www.sec.gov/Archives/edgar/data/1035267/000103526721000067/isrg-20210331.htm"
  },
  {
    "date": "2020-12-31",
    "symbol": "ISRG",
    "reportedCurrency": "USD",
    "cik": "0001035267",
    "fillingDate": "2021-02-10",
    "acceptedDate": "2021-02-09 21:47:57",
    "calendarYear": "2020",
    "period": "Q4",
    "revenue": 1329100000,
    "costOfRevenue": 433300000,
    "grossProfit": 895800000,
    "grossProfitRatio": 0.673989918,
    "researchAndDevelopmentExpenses": 149800000,
    "generalAndAdministrativeExpenses": 308100000,
    "sellingAndMarketingExpenses": 22100000,
    "sellingGeneralAndAdministrativeExpenses": 330200000,
    "otherExpenses": 0,
    "operatingExpenses": 480000000,
    "costAndExpenses": 913300000,
    "interestIncome": 20700000,
    "interestExpense": 0,
    "depreciationAndAmortization": 79800000,
    "ebitda": 490200000,
    "ebitdaratio": 0.3688210067,
    "operatingIncome": 415800000,
    "operatingIncomeRatio": 0.3128432774,
    "totalOtherIncomeExpensesNet": 20700000,
    "incomeBeforeTax": 436500000,
    "incomeBeforeTaxRatio": 0.3284177263,
    "incomeTaxExpense": 72900000,
    "netIncome": 365200000,
    "netIncomeRatio": 0.2747724024,
    "eps": 1.04,
    "epsdiluted": 1.01,
    "weightedAverageShsOut": 352800000,
    "weightedAverageShsOutDil": 363300000,
    "link": "https://www.sec.gov/Archives/edgar/data/1035267/000103526721000028/0001035267-21-000028-index.htm",
    "finalLink": "https://www.sec.gov/Archives/edgar/data/1035267/000103526721000028/isrg-20201231.htm"
  },
  {
    "date": "2020-09-30",
    "symbol": "ISRG",
    "reportedCurrency": "USD",
    "cik": "0001035267",
    "fillingDate": "2020-10-19",
    "acceptedDate": "2020-10-19 17:22:39",
    "calendarYear": "2020",
    "period": "Q3",
    "revenue": 1077700000,
    "costOfRevenue": 353400000,
    "grossProfit": 724300000,
    "grossProfitRatio": 0.6720794284,
    "researchAndDevelopmentExpenses": 155000000,
    "generalAndAdministrativeExpenses": 0,
    "sellingAndMarketingExpenses": 0,
    "sellingGeneralAndAdministrativeExpenses": 298900000,
    "otherExpenses": 0,
    "operatingExpenses": 453900000,
    "costAndExpenses": 807300000,
    "interestIncome": 0,
    "interestExpense": 0,
    "depreciationAndAmortization": 69200000,
    "ebitda": 339600000,
    "ebitdaratio": 0.3151155238,
    "operatingIncome": 270400000,
    "operatingIncomeRatio": 0.2509047045,
    "totalOtherIncomeExpensesNet": 84800000,
    "incomeBeforeTax": 355200000,
    "incomeBeforeTaxRatio": 0.3295907952,
    "incomeTaxExpense": 38400000,
    "netIncome": 313900000,
    "netIncomeRatio": 0.2912684421,
    "eps": 0.89,
    "epsdiluted": 0.87,
    "weightedAverageShsOut": 351900000,
    "weightedAverageShsOutDil": 361800000,
    "link": "https://www.sec.gov/Archives/edgar/data/1035267/000103526720000166/0001035267-20-000166-index.htm",
    "finalLink": "https://www.sec.gov/Archives/edgar/data/1035267/000103526720000166/isrg-20200930.htm"
  },
  {
    "date": "2020-06-30",
    "symbol": "ISRG",
    "reportedCurrency": "USD",
    "cik": "0001035267",
    "fillingDate": "2020-07-23",
    "acceptedDate": "2020-07-23 16:23:34",
    "calendarYear": "2020",
    "period": "Q2",
    "revenue": 852100000,
    "costOfRevenue": 349200000,
    "grossProfit": 502900000,
    "grossProfitRatio": 0.590188945,
    "researchAndDevelopmentExpenses": 143200000,
    "generalAndAdministrativeExpenses": 0,
    "sellingAndMarketingExpenses": 0,
    "sellingGeneralAndAdministrativeExpenses": 279100000,
    "otherExpenses": 0,
    "operatingExpenses": 422300000,
    "costAndExpenses": 771500000,
    "interestIncome": 0,
    "interestExpense": 0,
    "depreciationAndAmortization": 63800000,
    "ebitda": 144400000,
    "ebitdaratio": 0.169463678,
    "operatingIncome": 80600000,
    "operatingIncomeRatio": 0.0945898369,
    "totalOtherIncomeExpensesNet": 26600000,
    "incomeBeforeTax": 107200000,
    "incomeBeforeTaxRatio": 0.1258068302,
    "incomeTaxExpense": 37000000,
    "netIncome": 68000000,
    "netIncomeRatio": 0.07980284,
    "eps": 0.19,
    "epsdiluted": 0.19,
    "weightedAverageShsOut": 350400000,
    "weightedAverageShsOutDil": 359100000,
    "link": "https://www.sec.gov/Archives/edgar/data/1035267/000103526720000122/0001035267-20-000122-index.htm",
    "finalLink": "https://www.sec.gov/Archives/edgar/data/1035267/000103526720000122/isrg-20200630.htm"
  },
  {
    "date": "2020-03-31",
    "symbol": "ISRG",
    "reportedCurrency": "USD",
    "cik": "0001035267",
    "fillingDate": "2020-04-17",
    "acceptedDate": "2020-04-17 17:22:31",
    "calendarYear": "2020",
    "period": "Q1",
    "revenue": 1099500000,
    "costOfRevenue": 361300000,
    "grossProfit": 738200000,
    "grossProfitRatio": 0.6713960891,
    "researchAndDevelopmentExpenses": 147100000,
    "generalAndAdministrativeExpenses": 308100000,
    "sellingAndMarketingExpenses": 0,
    "sellingGeneralAndAdministrativeExpenses": 308100000,
    "otherExpenses": 0,
    "operatingExpenses": 455200000,
    "costAndExpenses": 816500000,
    "interestIncome": 0,
    "interestExpense": 0,
    "depreciationAndAmortization": 63400000,
    "ebitda": 346400000,
    "ebitdaratio": 0.3150522965,
    "operatingIncome": 283000000,
    "operatingIncomeRatio": 0.2573897226,
    "totalOtherIncomeExpensesNet": 25100000,
    "incomeBeforeTax": 308100000,
    "incomeBeforeTaxRatio": 0.280218281,
    "incomeTaxExpense": -8100000,
    "netIncome": 313500000,
    "netIncomeRatio": 0.2851296044,
    "eps": 0.9,
    "epsdiluted": 0.87,
    "weightedAverageShsOut": 349200000,
    "weightedAverageShsOutDil": 359400000,
    "link": "https://www.sec.gov/Archives/edgar/data/1035267/000103526720000075/0001035267-20-000075-index.htm",
    "finalLink": "https://www.sec.gov/Archives/edgar/data/1035267/000103526720000075/isrg-20200331.htm"
  }
]