[
  {
    "date": "2024-12-31",
    "symbol": "RTX",
    "reportedCurrency": "USD",
    "cik": "0000101829",
    "fillingDate": "2025-02-03",
    "acceptedDate": "2025-02-03 17:21:23",
    "calendarYear": "2024",
    "period": "FY",
    "revenue": 80738000000,
    "costOfRevenue": 65328000000,
    "grossProfit": 15410000000,
    "grossProfitRatio": 0.190864277,
    "researchAndDevelopmentExpenses": 2934000000,
    "generalAndAdministrativeExpenses": 0,
    "sellingAndMarketingExpenses": 0,
    "sellingGeneralAndAdministrativeExpenses": 5806000000,
    "otherExpenses": 132000000,
    "operatingExpenses": 8872000000,
    "costAndExpenses": 74200000000,
    "interestIncome": 102000000,
    "interestExpense": 1970000000,
    "depreciationAndAmortization": 4364000000,
    "ebitda": 12528000000,
    "ebitdaratio": 0.1551685699,
    "operatingIncome": 6538000000,
    "operatingIncomeRatio": 0.0809779782,
    "totalOtherIncomeExpensesNet": -344000000,
    "incomeBeforeTax": 6194000000,
    "incomeBeforeTaxRatio": 0.0767172831,
    "incomeTaxExpense": 1181000000,
    "netIncome": 4774000000,
    "netIncomeRatio": 0.0591295301,
    "eps": 3.58,
    "epsdiluted": 3.55,
    "weightedAverageShsOut": 1332100000,
    "weightedAverageShsOutDil": 1343600000,
    "link": "https://www.sec.gov/Archives/edgar/data/101829/000010182925000005/0000101829-25-000005-index.htm",
    "finalLink": "https://www.sec.gov/Archives/edgar/data/101829/000010182925000005/rtx-20241231.htm"
  },
  {
    "date": "2023-12-31",
    "symbol": "RTX",
    "reportedCurrency": "USD",
    "cik": "0000101829",
    "fillingDate": "2024-02-05",
    "acceptedDate": "2024-02-05 16:17:23",
    "calendarYear": "2023",
    "period": "FY",
    "revenue": 68920000000,
    "costOfRevenue": 56831000000,
    "grossProfit": 12089000000,
    "grossProfitRatio": 0.1754062681,
    "researchAndDevelopmentExpenses": 2805000000,
    "generalAndAdministrativeExpenses": 4029000000,
    "sellingAndMarketingExpenses": 0,
    "sellingGeneralAndAdministrativeExpenses": 4029000000,
    "otherExpenses": 0,
    "operatingExpenses": 8614000000,
    "costAndExpenses": 65445000000,
    "interestIncome": 100000000,
    "interestExpense": 1653000000,
    "depreciationAndAmortization": 4211000000,
    "ebitda": 9611000000,
    "ebitdaratio": 0.139451538,
    "operatingIncome": 3561000000,
    "operatingIncomeRatio": 0.0516686013,
    "totalOtherIncomeExpensesNet": 275000000,
    "incomeBeforeTax": 3836000000,
    "incomeBeforeTaxRatio": 0.0556587348,
    "incomeTaxExpense": 456000000,
    "netIncome": 3195000000,
    "netIncomeRatio": 0.0463580963,
    "eps": 2.24,
    "epsdiluted": 2.23,
    "weightedAverageShsOut": 1426000000,
    "weightedAverageShsOutDil": 1435400000,
    "link": "https://www.sec.gov/Archives/edgar/data/101829/000010182924000008/0000101829-24-000008-index.htm",
    "finalLink": "https://www.sec.gov/Archives/edgar/data/101829/000010182924000008/rtx-20231231.htm"
  },
  {
    "date": "2022-12-31",
    "symbol": "RTX",
    "reportedCurrency": "USD",
    "cik": "0000101829",
    "fillingDate": "2023-02-07",
    "acceptedDate": "2023-02-06 17:32:52",
    "calendarYear": "2022",
    "period": "FY",
    "revenue": 67074000000,
    "costOfRevenue": 53406000000,
    "grossProfit": 13668000000,
    "grossProfitRatio": 0.2037749351,
    "researchAndDevelopmentExpenses": 2711000000,
    "generalAndAdministrativeExpenses": 3684000000,
    "sellingAndMarketingExpenses": 1979000000,
    "sellingGeneralAndAdministrativeExpenses": 5663000000,
    "otherExpenses": -120000000,
    "operatingExpenses": 8254000000,
    "costAndExpenses": 61660000000,
    "interestIncome": 70000000,
    "interestExpense": 1276000000,
    "depreciationAndAmortization": 3757000000,
    "ebitda": 11174000000,
    "ebitdaratio": 0.1665921221,
    "operatingIncome": 7303000000,
    "operatingIncomeRatio": 0.1088797448,
    "totalOtherIncomeExpensesNet": -1300000000,
    "incomeBeforeTax": 6027000000,
    "incomeBeforeTaxRatio": 0.08985598,
    "incomeTaxExpense": 700000000,
    "netIncome": 5197000000,
    "netIncomeRatio": 0.0774815875,
    "eps": 3.52,
    "epsdiluted": 3.5,
    "weightedAverageShsOut": 1475500000,
    "weightedAverageShsOutDil": 1485900000,
    "link": "https://www.sec.gov/Archives/edgar/data/101829/000010182923000009/0000101829-23-000009-index.htm",
    "finalLink": "https://www.sec.gov/Archives/edgar/data/101829/000010182923000009/rtx-20221231.htm"
  },
  {
    "date": "2021-12-31",
    "symbol": "RTX",
    "reportedCurrency": "USD",
    "cik": "0000101829",
    "fillingDate": "2022-02-11",
    "acceptedDate": "2022-02-11 16:18:55",
    "calendarYear": "2021",
    "period": "FY",
    "revenue": 64388000000,
    "costOfRevenue": 51897000000,
    "grossProfit": 12491000000,
    "grossProfitRatio": 0.1939957756,
    "researchAndDevelopmentExpenses": 2732000000,
    "generalAndAdministrativeExpenses": 3102000000,
    "sellingAndMarketingExpenses": 2122000000,
    "sellingGeneralAndAdministrativeExpenses": 5224000000,
    "otherExpenses": -423000000,
    "operatingExpenses": 7533000000,
    "costAndExpenses": 59430000000,
    "interestIncome": 36000000,
    "interestExpense": 1322000000,
    "depreciationAndAmortization": 4267000000,
    "ebitda": 10556000000,
    "ebitdaratio": 0.163943592,
    "operatingIncome": 6902000000,
    "operatingIncomeRatio": 0.1071938871,
    "totalOtherIncomeExpensesNet": -1705000000,
    "incomeBeforeTax": 4931000000,
    "incomeBeforeTaxRatio": 0.076582593,
    "incomeTaxExpense": 786000000,
    "netIncome": 3864000000,
    "netIncomeRatio": 0.0600111822,
    "eps": 2.57,
    "epsdiluted": 2.56,
    "weightedAverageShsOut": 1501600000,
    "weightedAverageShsOutDil": 1508500000,
    "link": "https://www.sec.gov/Archives/edgar/data/101829/000010182922000005/0000101829-22-000005-index.htm",
    "finalLink": "https://www.sec.gov/Archives/edgar/data/101829/000010182922000005/rtx-20211231.htm"
  },
  {
    "date": "2020-12-31",
    "symbol": "RTX",
    "reportedCurrency": "USD",
    "cik": "0000101829",
    "fillingDate": "2021-02-08",
    "acceptedDate": "2021-02-08 17:07:52",
    "calendarYear": "2020",
    "period": "FY",
    "revenue": 56587000000,
    "costOfRevenue": 48056000000,
    "grossProfit": 8531000000,
    "grossProfitRatio": 0.1507590083,
    "researchAndDevelopmentExpenses": 2582000000,
    "generalAndAdministrativeExpenses": 0,
    "sellingAndMarketingExpenses": 0,
    "sellingGeneralAndAdministrativeExpenses": 5540000000,
    "otherExpenses": -885000000,
    "operatingExpenses": 7237000000,
    "costAndExpenses": 55293000000,
    "interestIncome": 42000000,
    "interestExpense": 1366000000,
    "depreciationAndAmortization": 3892000000,
    "ebitda": 2947000000,
    "ebitdaratio": 0.0520790994,
    "operatingIncome": 2196000000,
    "operatingIncomeRatio": 0.0388075,
    "totalOtherIncomeExpensesNet": -4118000000,
    "incomeBeforeTax": -2353000000,
    "incomeBeforeTaxRatio": -0.0415819888,
    "incomeTaxExpense": 575000000,
    "netIncome": -2928000000,
    "netIncomeRatio": -0.0517433333,
    "eps": -2.16,
    "epsdiluted": -2.16,
    "weightedAverageShsOut": 1357800000,
    "weightedAverageShsOutDil": 1357800000,
    "link": "https://www.sec.gov/Archives/edgar/data/101829/000010182921000008/0000101829-21-000008-index.htm",
    "finalLink": "https://www.sec.gov/Archives/edgar/data/101829/000010182921000008/rtx-20201231.htm"
  },
  {
    "date": "2019-12-31",
    "symbol": "RTX",
    "reportedCurrency": "USD",
    "cik": "0000101829",
    "fillingDate": "2020-02-06",
    "acceptedDate": "2020-02-06 06:55:54",
    "calendarYear": "2019",
    "period": "FY",
    "revenue": 77046000000,
    "costOfRevenue": 57065000000,
    "grossProfit": 19981000000,
    "grossProfitRatio": 0.259338577,
    "researchAndDevelopmentExpenses": 3015000000,
    "generalAndAdministrativeExpenses": 0,
    "sellingAndMarketingExpenses": 0,
    "sellingGeneralAndAdministrativeExpenses": 8521000000,
    "otherExpenses": -521000000,
    "operatingExpenses": 11015000000,
    "costAndExpenses": 68080000000,
    "interestIncome": 162000000,
    "interestExpense": 1611000000,
    "depreciationAndAmortization": 2435000000,
    "ebitda": 8298000000,
    "ebitdaratio": 0.1077018924,
    "operatingIncome": 8966000000,
    "operatingIncomeRatio": 0.1163720375,
    "totalOtherIncomeExpensesNet": -4814000000,
    "incomeBeforeTax": 8243000000,
    "incomeBeforeTaxRatio": 0.1069880331,
    "incomeTaxExpense": 2295000000,
    "netIncome": 5537000000,
    "netIncomeRatio": 0.0718661579,
    "eps": 6.48,
    "epsdiluted": 6.41,
    "weightedAverageShsOut": 854800000,
    "weightedAverageShsOutDil": 863900000,
    "link": "https://www.sec.gov/Archives/edgar/data/101829/000010182920000013/0000101829-20-000013-index.htm",
    "finalLink": "https://www.sec.gov/Archives/edgar/data/101829/000010182920000013/utx-20191231_d2.htm"
  },
  {
    "date": "2018-12-31",
    "symbol": "RTX",
    "reportedCurrency": "USD",
    "cik": "0000101829",
    "fillingDate": "2019-02-07",
    "acceptedDate": "2019-02-07 06:40:09",
    "calendarYear": "2018",
    "period": "FY",
    "revenue": 66501000000,
    "costOfRevenue": 49985000000,
    "grossProfit": 16516000000,
    "grossProfitRatio": 0.2483571676,
    "researchAndDevelopmentExpenses": 2462000000,
    "generalAndAdministrativeExpenses": 7066000000,
    "sellingAndMarketingExpenses": 0,
    "sellingGeneralAndAdministrativeExpenses": 7066000000,
    "otherExpenses": 765000000,
    "operatingExpenses": 7963000000,
    "costAndExpenses": 57948000000,
    "interestIncome": 187000000,
    "interestExpense": 1038000000,
    "depreciationAndAmortization": 2216000000,
    "ebitda": 11721000000,
    "ebitdaratio": 0.1762529887,
    "operatingIncome": 8553000000,
    "operatingIncomeRatio": 0.1286146073,
    "totalOtherIncomeExpensesNet": -273000000,
    "incomeBeforeTax": 8280000000,
    "incomeBeforeTaxRatio": 0.1245094059,
    "incomeTaxExpense": 2626000000,
    "netIncome": 5269000000,
    "netIncomeRatio": 0.0792318912,
    "eps": 6.58,
    "epsdiluted": 6.5,
    "weightedAverageShsOut": 800400000,
    "weightedAverageShsOutDil": 810000000,
    "link": "https://www.sec.gov/Archives/edgar/data/101829/000010182919000007/0000101829-19-000007-index.htm",
    "finalLink": "https://www.sec.gov/Archives/edgar/data/101829/000010182919000007/a2018-12x31form10xk.htm"
  },
  {
    "date": "2017-12-31",
    "symbol": "RTX",
    "reportedCurrency": "USD",
    "cik": "0000101829",
    "fillingDate": "2018-02-09",
    "acceptedDate": "2018-02-08 19:27:18",
    "calendarYear": "2017",
    "period": "FY",
    "revenue": 59837000000,
    "costOfRevenue": 43953000000,
    "grossProfit": 15884000000,
    "grossProfitRatio": 0.2654544847,
    "researchAndDevelopmentExpenses": 2387000000,
    "generalAndAdministrativeExpenses": 0,
    "sellingAndMarketingExpenses": 0,
    "sellingGeneralAndAdministrativeExpenses": 6183000000,
    "otherExpenses": 0,
    "operatingExpenses": 7212000000,
    "costAndExpenses": 51165000000,
    "interestIncome": 108000000,
    "interestExpense": 909000000,
    "depreciationAndAmortization": 2012000000,
    "ebitda": 10792000000,
    "ebitdaratio": 0.1803566355,
    "operatingIncome": 8672000000,
    "operatingIncomeRatio": 0.1449270518,
    "totalOtherIncomeExpensesNet": -382000000,
    "incomeBeforeTax": 7763000000,
    "incomeBeforeTaxRatio": 0.1297357822,
    "incomeTaxExpense": 2843000000,
    "netIncome": 4552000000,
    "netIncomeRatio": 0.0760733326,
    "eps": 5.76,
    "epsdiluted": 5.7,
    "weightedAverageShsOut": 790000000,
    "weightedAverageShsOutDil": 799100000,
    "link": "https://www.sec.gov/Archives/edgar/data/101829/000010182918000005/0000101829-18-000005-index.htm",
    "finalLink": "https://www.sec.gov/Archives/edgar/data/101829/000010182918000005/a2017-12x31form10xk.htm"
  },
  {
    "date": "2016-12-31",
    "symbol": "RTX",
    "reportedCurrency": "USD",
    "cik": "0000101829",
    "fillingDate": "2017-02-09",
    "acceptedDate": "2017-02-09 06:31:46",
    "calendarYear": "2016",
    "period": "FY",
    "revenue": 57244000000,
    "costOfRevenue": 41460000000,
    "grossProfit": 15784000000,
    "grossProfitRatio": 0.2757319544,
    "researchAndDevelopmentExpenses": 2337000000,
    "generalAndAdministrativeExpenses": 0,
    "sellingAndMarketingExpenses": 0,
    "sellingGeneralAndAdministrativeExpenses": 6060000000,
    "otherExpenses": 0,
    "operatingExpenses": 7612000000,
    "costAndExpenses": 49072000000,
    "interestIncome": 122000000,
    "interestExpense": 1039000000,
    "depreciationAndAmortization": 1883000000,
    "ebitda": 10177000000,
    "ebitdaratio": 0.1777828244,
    "operatingIncome": 8172000000,
    "operatingIncomeRatio": 0.1427573195,
    "totalOtherIncomeExpensesNet": -945000000,
    "incomeBeforeTax": 7133000000,
    "incomeBeforeTaxRatio": 0.1246069457,
    "incomeTaxExpense": 1697000000,
    "netIncome": 5055000000,
    "netIncomeRatio": 0.088306198,
    "eps": 6.18,
    "epsdiluted": 6.12,
    "weightedAverageShsOut": 818200000,
    "weightedAverageShsOutDil": 826100000,
    "link": "https://www.sec.gov/Archives/edgar/data/101829/000010182917000007/0000101829-17-000007-index.htm",
    "finalLink": "https://www.sec.gov/Archives/edgar/data/101829/000010182917000007/a2016-12x31form10xk.htm"
  },
  {
    "date": "2015-12-31",
    "symbol": "RTX",
    "reportedCurrency": "USD",
    "cik": "0000101829",
    "fillingDate": "2016-02-11",
    "acceptedDate": "2016-02-11 06:43:24",
    "calendarYear": "2015",
    "period": "FY",
    "revenue": 56098000000,
    "costOfRevenue": 40431000000,
    "grossProfit": 15667000000,
    "grossProfitRatio": 0.2792791187,
    "researchAndDevelopmentExpenses": 2279000000,
    "generalAndAdministrativeExpenses": 0,
    "sellingAndMarketingExpenses": 0,
    "sellingGeneralAndAdministrativeExpenses": 5886000000,
    "otherExpenses": 0,
    "operatingExpenses": 8376000000,
    "costAndExpenses": 48807000000,
    "interestIncome": 121000000,
    "interestExpense": 824000000,
    "depreciationAndAmortization": 1863000000,
    "ebitda": 9275000000,
    "ebitdaratio": 0.1653356626,
    "operatingIncome": 7291000000,
    "operatingIncomeRatio": 0.1299689829,
    "totalOtherIncomeExpensesNet": -824000000,
    "incomeBeforeTax": 6467000000,
    "incomeBeforeTaxRatio": 0.1152804022,
    "incomeTaxExpense": 2111000000,
    "netIncome": 7608000000,
    "netIncomeRatio": 0.1356198082,
    "eps": 8.72,
    "epsdiluted": 8.61,
    "weightedAverageShsOut": 872700000,
    "weightedAverageShsOutDil": 883200000,
    "link": "https://www.sec.gov/Archives/edgar/data/101829/000010182916000050/0000101829-16-000050-index.htm",
    "finalLink": "https://www.sec.gov/Archives/edgar/data/101829/000010182916000050/a2015-12x31form10xk.htm"
  }
]