[
  {
    "date": "2024-12-31",
    "symbol": "RTX",
    "reportedCurrency": "USD",
    "cik": "0000101829",
    "fillingDate": "2025-02-03",
    "acceptedDate": "2025-02-03 17:21:23",
    "calendarYear": "2024",
    "period": "Q4",
    "revenue": 21623000000,
    "costOfRevenue": 17388000000,
    "grossProfit": 4235000000,
    "grossProfitRatio": 0.1958562642,
    "researchAndDevelopmentExpenses": 808000000,
    "generalAndAdministrativeExpenses": 0,
    "sellingAndMarketingExpenses": 0,
    "sellingGeneralAndAdministrativeExpenses": 1574000000,
    "otherExpenses": -258000000,
    "operatingExpenses": 2124000000,
    "costAndExpenses": 19512000000,
    "interestIncome": 27000000,
    "interestExpense": 514000000,
    "depreciationAndAmortization": 1139000000,
    "ebitda": 3662000000,
    "ebitdaratio": 0.1693567035,
    "operatingIncome": 2111000000,
    "operatingIncomeRatio": 0.0976275262,
    "totalOtherIncomeExpensesNet": -102000000,
    "incomeBeforeTax": 2009000000,
    "incomeBeforeTaxRatio": 0.092910327,
    "incomeTaxExpense": 449000000,
    "netIncome": 1482000000,
    "netIncomeRatio": 0.0685381307,
    "eps": 1.11,
    "epsdiluted": 1.1,
    "weightedAverageShsOut": 1334400000,
    "weightedAverageShsOutDil": 1348900000,
    "link": "https://www.sec.gov/Archives/edgar/data/101829/000010182925000005/0000101829-25-000005-index.htm",
    "finalLink": "https://www.sec.gov/Archives/edgar/data/101829/000010182925000005/rtx-20241231.htm"
  },
  {
    "date": "2024-09-30",
    "symbol": "RTX",
    "reportedCurrency": "USD",
    "cik": "0000101829",
    "fillingDate": "2024-10-22",
    "acceptedDate": "2024-10-22 17:17:27",
    "calendarYear": "2024",
    "period": "Q3",
    "revenue": 20089000000,
    "costOfRevenue": 16055000000,
    "grossProfit": 4034000000,
    "grossProfitRatio": 0.2008064115,
    "researchAndDevelopmentExpenses": 751000000,
    "generalAndAdministrativeExpenses": 2083000000,
    "sellingAndMarketingExpenses": -694000000,
    "sellingGeneralAndAdministrativeExpenses": 1389000000,
    "otherExpenses": -134000000,
    "operatingExpenses": 2006000000,
    "costAndExpenses": 18061000000,
    "interestIncome": 45000000,
    "interestExpense": 548000000,
    "depreciationAndAmortization": 1094000000,
    "ebitda": 3548000000,
    "ebitdaratio": 0.1766140674,
    "operatingIncome": 2028000000,
    "operatingIncomeRatio": 0.1009507691,
    "totalOtherIncomeExpensesNet": -122000000,
    "incomeBeforeTax": 1906000000,
    "incomeBeforeTaxRatio": 0.0948777938,
    "incomeTaxExpense": 371000000,
    "netIncome": 1472000000,
    "netIncomeRatio": 0.073273931,
    "eps": 1.1,
    "epsdiluted": 1.09,
    "weightedAverageShsOut": 1333200000,
    "weightedAverageShsOutDil": 1346200000,
    "link": "https://www.sec.gov/Archives/edgar/data/101829/000010182924000038/0000101829-24-000038-index.htm",
    "finalLink": "https://www.sec.gov/Archives/edgar/data/101829/000010182924000038/rtx-20240930.htm"
  },
  {
    "date": "2024-06-30",
    "symbol": "RTX",
    "reportedCurrency": "USD",
    "cik": "0000101829",
    "fillingDate": "2024-07-25",
    "acceptedDate": "2024-07-25 16:13:32",
    "calendarYear": "2024",
    "period": "Q2",
    "revenue": 19721000000,
    "costOfRevenue": 16141000000,
    "grossProfit": 3580000000,
    "grossProfitRatio": 0.1815323767,
    "researchAndDevelopmentExpenses": 706000000,
    "generalAndAdministrativeExpenses": 1075000000,
    "sellingAndMarketingExpenses": 374000000,
    "sellingGeneralAndAdministrativeExpenses": 1449000000,
    "otherExpenses": -6000000,
    "operatingExpenses": 2155000000,
    "costAndExpenses": 18296000000,
    "interestIncome": 19000000,
    "interestExpense": 488000000,
    "depreciationAndAmortization": 1072000000,
    "ebitda": 1988000000,
    "ebitdaratio": 0.1008062471,
    "operatingIncome": 1425000000,
    "operatingIncomeRatio": 0.0722579991,
    "totalOtherIncomeExpensesNet": -997000000,
    "incomeBeforeTax": 428000000,
    "incomeBeforeTaxRatio": 0.0217027534,
    "incomeTaxExpense": 253000000,
    "netIncome": 111000000,
    "netIncomeRatio": 0.0056285178,
    "eps": 0.0833,
    "epsdiluted": 0.0827,
    "weightedAverageShsOut": 1331800000,
    "weightedAverageShsOutDil": 1342100000,
    "link": "https://www.sec.gov/Archives/edgar/data/101829/000010182924000027/0000101829-24-000027-index.htm",
    "finalLink": "https://www.sec.gov/Archives/edgar/data/101829/000010182924000027/rtx-20240630.htm"
  },
  {
    "date": "2024-03-31",
    "symbol": "RTX",
    "reportedCurrency": "USD",
    "cik": "0000101829",
    "fillingDate": "2024-04-23",
    "acceptedDate": "2024-04-23 16:14:10",
    "calendarYear": "2024",
    "period": "Q1",
    "revenue": 19305000000,
    "costOfRevenue": 15744000000,
    "grossProfit": 3561000000,
    "grossProfitRatio": 0.1844599845,
    "researchAndDevelopmentExpenses": 669000000,
    "generalAndAdministrativeExpenses": 1008000000,
    "sellingAndMarketingExpenses": 386000000,
    "sellingGeneralAndAdministrativeExpenses": 1394000000,
    "otherExpenses": 4000000,
    "operatingExpenses": 2063000000,
    "costAndExpenses": 17807000000,
    "interestIncome": 11000000,
    "interestExpense": 420000000,
    "depreciationAndAmortization": 1059000000,
    "ebitda": 3330000000,
    "ebitdaratio": 0.1724941725,
    "operatingIncome": 1498000000,
    "operatingIncomeRatio": 0.0775964776,
    "totalOtherIncomeExpensesNet": -19000000,
    "incomeBeforeTax": 1851000000,
    "incomeBeforeTaxRatio": 0.0958818959,
    "incomeTaxExpense": 108000000,
    "netIncome": 1709000000,
    "netIncomeRatio": 0.0885262885,
    "eps": 1.29,
    "epsdiluted": 1.28,
    "weightedAverageShsOut": 1329400000,
    "weightedAverageShsOutDil": 1337300000,
    "link": "https://www.sec.gov/Archives/edgar/data/101829/000010182924000012/0000101829-24-000012-index.htm",
    "finalLink": "https://www.sec.gov/Archives/edgar/data/101829/000010182924000012/rtx-20240331.htm"
  },
  {
    "date": "2023-12-31",
    "symbol": "RTX",
    "reportedCurrency": "USD",
    "cik": "0000101829",
    "fillingDate": "2024-02-05",
    "acceptedDate": "2024-02-05 16:17:23",
    "calendarYear": "2023",
    "period": "Q4",
    "revenue": 19927000000,
    "costOfRevenue": 15918000000,
    "grossProfit": 4009000000,
    "grossProfitRatio": 0.2011843228,
    "researchAndDevelopmentExpenses": 757000000,
    "generalAndAdministrativeExpenses": 0,
    "sellingAndMarketingExpenses": 0,
    "sellingGeneralAndAdministrativeExpenses": -335000000,
    "otherExpenses": -1325000000,
    "operatingExpenses": 452000000,
    "costAndExpenses": 16370000000,
    "interestIncome": 54000000,
    "interestExpense": 551000000,
    "depreciationAndAmortization": 733000000,
    "ebitda": 3019000000,
    "ebitdaratio": 0.1515029859,
    "operatingIncome": 1777000000,
    "operatingIncomeRatio": 0.0891754905,
    "totalOtherIncomeExpensesNet": -42000000,
    "incomeBeforeTax": 1735000000,
    "incomeBeforeTaxRatio": 0.0870677975,
    "incomeTaxExpense": 262000000,
    "netIncome": 1426000000,
    "netIncomeRatio": 0.0715611984,
    "eps": 1.05,
    "epsdiluted": 1.05,
    "weightedAverageShsOut": 1354900000,
    "weightedAverageShsOutDil": 1361700000,
    "link": "https://www.sec.gov/Archives/edgar/data/101829/000010182924000008/0000101829-24-000008-index.htm",
    "finalLink": "https://www.sec.gov/Archives/edgar/data/101829/000010182924000008/rtx-20231231.htm"
  },
  {
    "date": "2023-09-30",
    "symbol": "RTX",
    "reportedCurrency": "USD",
    "cik": "0000101829",
    "fillingDate": "2023-10-24",
    "acceptedDate": "2023-10-24 16:49:41",
    "calendarYear": "2023",
    "period": "Q3",
    "revenue": 13464000000,
    "costOfRevenue": 12750000000,
    "grossProfit": 714000000,
    "grossProfitRatio": 0.053030303,
    "researchAndDevelopmentExpenses": 712000000,
    "generalAndAdministrativeExpenses": 0,
    "sellingAndMarketingExpenses": 0,
    "sellingGeneralAndAdministrativeExpenses": 1401000000,
    "otherExpenses": 443000000,
    "operatingExpenses": 2110000000,
    "costAndExpenses": 14860000000,
    "interestIncome": 19000000,
    "interestExpense": 369000000,
    "depreciationAndAmortization": 1074000000,
    "ebitda": 143000000,
    "ebitdaratio": 0.010620915,
    "operatingIncome": -1396000000,
    "operatingIncomeRatio": -0.1036838978,
    "totalOtherIncomeExpensesNet": 74000000,
    "incomeBeforeTax": -1322000000,
    "incomeBeforeTaxRatio": -0.09818776,
    "incomeTaxExpense": -389000000,
    "netIncome": -984000000,
    "netIncomeRatio": -0.073083779,
    "eps": -0.68,
    "epsdiluted": -0.68,
    "weightedAverageShsOut": 1448100000,
    "weightedAverageShsOutDil": 1448100000,
    "link": "https://www.sec.gov/Archives/edgar/data/101829/000010182923000037/0000101829-23-000037-index.htm",
    "finalLink": "https://www.sec.gov/Archives/edgar/data/101829/000010182923000037/rtx-20230930.htm"
  },
  {
    "date": "2023-06-30",
    "symbol": "RTX",
    "reportedCurrency": "USD",
    "cik": "0000101829",
    "fillingDate": "2023-07-25",
    "acceptedDate": "2023-07-25 16:03:57",
    "calendarYear": "2023",
    "period": "Q2",
    "revenue": 18315000000,
    "costOfRevenue": 14518000000,
    "grossProfit": 3797000000,
    "grossProfitRatio": 0.2073164073,
    "researchAndDevelopmentExpenses": 729000000,
    "generalAndAdministrativeExpenses": 1153000000,
    "sellingAndMarketingExpenses": 482000000,
    "sellingGeneralAndAdministrativeExpenses": 1635000000,
    "otherExpenses": -25000000,
    "operatingExpenses": 2339000000,
    "costAndExpenses": 16857000000,
    "interestIncome": 17000000,
    "interestExpense": 333000000,
    "depreciationAndAmortization": 1044000000,
    "ebitda": 2988000000,
    "ebitdaratio": 0.1631449631,
    "operatingIncome": 1458000000,
    "operatingIncomeRatio": 0.0796068796,
    "totalOtherIncomeExpensesNet": -390000000,
    "incomeBeforeTax": 1572000000,
    "incomeBeforeTaxRatio": 0.0858312858,
    "incomeTaxExpense": 213000000,
    "netIncome": 1327000000,
    "netIncomeRatio": 0.0724542725,
    "eps": 0.91,
    "epsdiluted": 0.9,
    "weightedAverageShsOut": 1457500000,
    "weightedAverageShsOutDil": 1468700000,
    "link": "https://www.sec.gov/Archives/edgar/data/101829/000010182923000032/0000101829-23-000032-index.htm",
    "finalLink": "https://www.sec.gov/Archives/edgar/data/101829/000010182923000032/rtx-20230630.htm"
  },
  {
    "date": "2023-03-31",
    "symbol": "RTX",
    "reportedCurrency": "USD",
    "cik": "0000101829",
    "fillingDate": "2023-04-25",
    "acceptedDate": "2023-04-25 16:37:10",
    "calendarYear": "2023",
    "period": "Q1",
    "revenue": 17214000000,
    "costOfRevenue": 13645000000,
    "grossProfit": 3569000000,
    "grossProfitRatio": 0.207331242,
    "researchAndDevelopmentExpenses": 607000000,
    "generalAndAdministrativeExpenses": 919000000,
    "sellingAndMarketingExpenses": 479000000,
    "sellingGeneralAndAdministrativeExpenses": 1398000000,
    "otherExpenses": -88000000,
    "operatingExpenses": 1917000000,
    "costAndExpenses": 15562000000,
    "interestIncome": 10000000,
    "interestExpense": 315000000,
    "depreciationAndAmortization": 1034000000,
    "ebitda": 3154000000,
    "ebitdaratio": 0.1832229581,
    "operatingIncome": 1652000000,
    "operatingIncomeRatio": 0.0959683978,
    "totalOtherIncomeExpensesNet": -350000000,
    "incomeBeforeTax": 1781000000,
    "incomeBeforeTaxRatio": 0.1034622981,
    "incomeTaxExpense": 300000000,
    "netIncome": 1426000000,
    "netIncomeRatio": 0.0828395492,
    "eps": 0.98,
    "epsdiluted": 0.97,
    "weightedAverageShsOut": 1462200000,
    "weightedAverageShsOutDil": 1474200000,
    "link": "https://www.sec.gov/Archives/edgar/data/101829/000010182923000015/0000101829-23-000015-index.htm",
    "finalLink": "https://www.sec.gov/Archives/edgar/data/101829/000010182923000015/rtx-20230331.htm"
  },
  {
    "date": "2022-12-31",
    "symbol": "RTX",
    "reportedCurrency": "USD",
    "cik": "0000101829",
    "fillingDate": "2023-02-07",
    "acceptedDate": "2023-02-06 17:32:52",
    "calendarYear": "2022",
    "period": "Q4",
    "revenue": 18093000000,
    "costOfRevenue": 14526000000,
    "grossProfit": 3567000000,
    "grossProfitRatio": 0.1971480683,
    "researchAndDevelopmentExpenses": 716000000,
    "generalAndAdministrativeExpenses": 0,
    "sellingAndMarketingExpenses": 0,
    "sellingGeneralAndAdministrativeExpenses": 1379000000,
    "otherExpenses": -29000000,
    "operatingExpenses": 2066000000,
    "costAndExpenses": 16592000000,
    "interestIncome": 16000000,
    "interestExpense": 318000000,
    "depreciationAndAmortization": 1048000000,
    "ebitda": 3030000000,
    "ebitdaratio": 0.1674680816,
    "operatingIncome": 1501000000,
    "operatingIncomeRatio": 0.0829602609,
    "totalOtherIncomeExpensesNet": 149000000,
    "incomeBeforeTax": 1650000000,
    "incomeBeforeTaxRatio": 0.09119549,
    "incomeTaxExpense": 182000000,
    "netIncome": 1422000000,
    "netIncomeRatio": 0.0785939314,
    "eps": 0.97,
    "epsdiluted": 0.96,
    "weightedAverageShsOut": 1465500000,
    "weightedAverageShsOutDil": 1476300000,
    "link": "https://www.sec.gov/Archives/edgar/data/101829/000010182923000009/0000101829-23-000009-index.htm",
    "finalLink": "https://www.sec.gov/Archives/edgar/data/101829/000010182923000009/rtx-20221231.htm"
  },
  {
    "date": "2022-09-30",
    "symbol": "RTX",
    "reportedCurrency": "USD",
    "cik": "0000101829",
    "fillingDate": "2022-10-25",
    "acceptedDate": "2022-10-25 16:33:08",
    "calendarYear": "2022",
    "period": "Q3",
    "revenue": 16951000000,
    "costOfRevenue": 13464000000,
    "grossProfit": 3487000000,
    "grossProfitRatio": 0.2057105775,
    "researchAndDevelopmentExpenses": 662000000,
    "generalAndAdministrativeExpenses": 0,
    "sellingAndMarketingExpenses": 0,
    "sellingGeneralAndAdministrativeExpenses": 1391000000,
    "otherExpenses": 473000000,
    "operatingExpenses": 2007000000,
    "costAndExpenses": 15471000000,
    "interestIncome": 10000000,
    "interestExpense": 326000000,
    "depreciationAndAmortization": 1047000000,
    "ebitda": 3010000000,
    "ebitdaratio": 0.1775706448,
    "operatingIncome": 1480000000,
    "operatingIncomeRatio": 0.0873104832,
    "totalOtherIncomeExpensesNet": -356000000,
    "incomeBeforeTax": 1637000000,
    "incomeBeforeTaxRatio": 0.0965724736,
    "incomeTaxExpense": 242000000,
    "netIncome": 1387000000,
    "netIncomeRatio": 0.0818240812,
    "eps": 0.94,
    "epsdiluted": 0.94,
    "weightedAverageShsOut": 1470100000,
    "weightedAverageShsOutDil": 1479300000,
    "link": "https://www.sec.gov/Archives/edgar/data/101829/000010182922000056/0000101829-22-000056-index.htm",
    "finalLink": "https://www.sec.gov/Archives/edgar/data/101829/000010182922000056/rtx-20220930.htm"
  },
  {
    "date": "2022-06-30",
    "symbol": "RTX",
    "reportedCurrency": "USD",
    "cik": "0000101829",
    "fillingDate": "2022-07-26",
    "acceptedDate": "2022-07-26 16:25:12",
    "calendarYear": "2022",
    "period": "Q2",
    "revenue": 16314000000,
    "costOfRevenue": 12856000000,
    "grossProfit": 3458000000,
    "grossProfitRatio": 0.2119651833,
    "researchAndDevelopmentExpenses": 698000000,
    "generalAndAdministrativeExpenses": 0,
    "sellingAndMarketingExpenses": 0,
    "sellingGeneralAndAdministrativeExpenses": 1424000000,
    "otherExpenses": 452000000,
    "operatingExpenses": 2105000000,
    "costAndExpenses": 14961000000,
    "interestIncome": 13000000,
    "interestExpense": 320000000,
    "depreciationAndAmortization": 999000000,
    "ebitda": 2817000000,
    "ebitdaratio": 0.1726737771,
    "operatingIncome": 1353000000,
    "operatingIncomeRatio": 0.0829349025,
    "totalOtherIncomeExpensesNet": 145000000,
    "incomeBeforeTax": 1498000000,
    "incomeBeforeTaxRatio": 0.0918229741,
    "incomeTaxExpense": 160000000,
    "netIncome": 1304000000,
    "netIncomeRatio": 0.0799313473,
    "eps": 0.88,
    "epsdiluted": 0.88,
    "weightedAverageShsOut": 1479200000,
    "weightedAverageShsOutDil": 1489600000,
    "link": "https://www.sec.gov/Archives/edgar/data/101829/000010182922000040/0000101829-22-000040-index.htm",
    "finalLink": "https://www.sec.gov/Archives/edgar/data/101829/000010182922000040/rtx-20220630.htm"
  },
  {
    "date": "2022-03-31",
    "symbol": "RTX",
    "reportedCurrency": "USD",
    "cik": "0000101829",
    "fillingDate": "2022-04-26",
    "acceptedDate": "2022-04-26 16:18:11",
    "calendarYear": "2022",
    "period": "Q1",
    "revenue": 15716000000,
    "costOfRevenue": 12560000000,
    "grossProfit": 3156000000,
    "grossProfitRatio": 0.2008144566,
    "researchAndDevelopmentExpenses": 635000000,
    "generalAndAdministrativeExpenses": 0,
    "sellingAndMarketingExpenses": 0,
    "sellingGeneralAndAdministrativeExpenses": 1469000000,
    "otherExpenses": 481000000,
    "operatingExpenses": 2104000000,
    "costAndExpenses": 14664000000,
    "interestIncome": 31000000,
    "interestExpense": 322000000,
    "depreciationAndAmortization": 1014000000,
    "ebitda": 2578000000,
    "ebitdaratio": 0.1640366505,
    "operatingIncome": 1564000000,
    "operatingIncomeRatio": 0.0995164164,
    "totalOtherIncomeExpensesNet": -318000000,
    "incomeBeforeTax": 1242000000,
    "incomeBeforeTaxRatio": 0.0790277424,
    "incomeTaxExpense": 116000000,
    "netIncome": 1084000000,
    "netIncomeRatio": 0.0689742937,
    "eps": 0.73,
    "epsdiluted": 0.72,
    "weightedAverageShsOut": 1486800000,
    "weightedAverageShsOutDil": 1497900000,
    "link": "https://www.sec.gov/Archives/edgar/data/101829/000010182922000018/0000101829-22-000018-index.htm",
    "finalLink": "https://www.sec.gov/Archives/edgar/data/101829/000010182922000018/rtx-20220331.htm"
  },
  {
    "date": "2021-12-31",
    "symbol": "RTX",
    "reportedCurrency": "USD",
    "cik": "0000101829",
    "fillingDate": "2022-02-11",
    "acceptedDate": "2022-02-11 16:18:55",
    "calendarYear": "2021",
    "period": "Q4",
    "revenue": 17044000000,
    "costOfRevenue": 13616000000,
    "grossProfit": 3428000000,
    "grossProfitRatio": 0.2011264961,
    "researchAndDevelopmentExpenses": 810000000,
    "generalAndAdministrativeExpenses": 0,
    "sellingAndMarketingExpenses": 0,
    "sellingGeneralAndAdministrativeExpenses": 1407000000,
    "otherExpenses": 472000000,
    "operatingExpenses": 2108000000,
    "costAndExpenses": 15724000000,
    "interestIncome": 12000000,
    "interestExpense": 308000000,
    "depreciationAndAmortization": 1144000000,
    "ebitda": 2331000000,
    "ebitdaratio": 0.1367636705,
    "operatingIncome": 1320000000,
    "operatingIncomeRatio": 0.0774466088,
    "totalOtherIncomeExpensesNet": -453000000,
    "incomeBeforeTax": 867000000,
    "incomeBeforeTaxRatio": 0.0508683408,
    "incomeTaxExpense": 96000000,
    "netIncome": 686000000,
    "netIncomeRatio": 0.0402487679,
    "eps": 0.46,
    "epsdiluted": 0.46,
    "weightedAverageShsOut": 1490500000,
    "weightedAverageShsOutDil": 1500200000,
    "link": "https://www.sec.gov/Archives/edgar/data/101829/000010182922000005/0000101829-22-000005-index.htm",
    "finalLink": "https://www.sec.gov/Archives/edgar/data/101829/000010182922000005/rtx-20211231.htm"
  },
  {
    "date": "2021-09-30",
    "symbol": "RTX",
    "reportedCurrency": "USD",
    "cik": "0000101829",
    "fillingDate": "2021-10-26",
    "acceptedDate": "2021-10-26 16:04:56",
    "calendarYear": "2021",
    "period": "Q3",
    "revenue": 16213000000,
    "costOfRevenue": 13089000000,
    "grossProfit": 3124000000,
    "grossProfitRatio": 0.1926848825,
    "researchAndDevelopmentExpenses": 676000000,
    "generalAndAdministrativeExpenses": 0,
    "sellingAndMarketingExpenses": 0,
    "sellingGeneralAndAdministrativeExpenses": 1229000000,
    "otherExpenses": 491000000,
    "operatingExpenses": 1781000000,
    "costAndExpenses": 14870000000,
    "interestIncome": 9000000,
    "interestExpense": 367000000,
    "depreciationAndAmortization": 1158000000,
    "ebitda": 2969000000,
    "ebitdaratio": 0.1831246531,
    "operatingIncome": 1343000000,
    "operatingIncomeRatio": 0.0828347622,
    "totalOtherIncomeExpensesNet": 133000000,
    "incomeBeforeTax": 1476000000,
    "incomeBeforeTaxRatio": 0.0910380559,
    "incomeTaxExpense": 3000000,
    "netIncome": 1393000000,
    "netIncomeRatio": 0.0859187072,
    "eps": 0.93,
    "epsdiluted": 0.93,
    "weightedAverageShsOut": 1497900000,
    "weightedAverageShsOutDil": 1505900000,
    "link": "https://www.sec.gov/Archives/edgar/data/101829/000010182921000056/0000101829-21-000056-index.htm",
    "finalLink": "https://www.sec.gov/Archives/edgar/data/101829/000010182921000056/rtx-20210930.htm"
  },
  {
    "date": "2021-06-30",
    "symbol": "RTX",
    "reportedCurrency": "USD",
    "cik": "0000101829",
    "fillingDate": "2021-07-27",
    "acceptedDate": "2021-07-27 16:54:03",
    "calendarYear": "2021",
    "period": "Q2",
    "revenue": 15880000000,
    "costOfRevenue": 12655000000,
    "grossProfit": 3225000000,
    "grossProfitRatio": 0.2030856423,
    "researchAndDevelopmentExpenses": 657000000,
    "generalAndAdministrativeExpenses": 0,
    "sellingAndMarketingExpenses": 0,
    "sellingGeneralAndAdministrativeExpenses": 1368000000,
    "otherExpenses": 490000000,
    "operatingExpenses": 1943000000,
    "costAndExpenses": 14598000000,
    "interestIncome": 4000000,
    "interestExpense": 342000000,
    "depreciationAndAmortization": 1132000000,
    "ebitda": 2908000000,
    "ebitdaratio": 0.1831234257,
    "operatingIncome": 1282000000,
    "operatingIncomeRatio": 0.0807304786,
    "totalOtherIncomeExpensesNet": 148000000,
    "incomeBeforeTax": 1430000000,
    "incomeBeforeTaxRatio": 0.0900503778,
    "incomeTaxExpense": 342000000,
    "netIncome": 1032000000,
    "netIncomeRatio": 0.0649874055,
    "eps": 0.69,
    "epsdiluted": 0.68,
    "weightedAverageShsOut": 1506400000,
    "weightedAverageShsOutDil": 1513500000,
    "link": "https://www.sec.gov/Archives/edgar/data/101829/000010182921000051/0000101829-21-000051-index.htm",
    "finalLink": "https://www.sec.gov/Archives/edgar/data/101829/000010182921000051/rtx-20210630.htm"
  },
  {
    "date": "2021-03-31",
    "symbol": "RTX",
    "reportedCurrency": "USD",
    "cik": "0000101829",
    "fillingDate": "2021-04-27",
    "acceptedDate": "2021-04-27 16:05:56",
    "calendarYear": "2021",
    "period": "Q1",
    "revenue": 15251000000,
    "costOfRevenue": 12537000000,
    "grossProfit": 2714000000,
    "grossProfitRatio": 0.1779555439,
    "researchAndDevelopmentExpenses": 589000000,
    "generalAndAdministrativeExpenses": 0,
    "sellingAndMarketingExpenses": 0,
    "sellingGeneralAndAdministrativeExpenses": 1220000000,
    "otherExpenses": 491000000,
    "operatingExpenses": 1701000000,
    "costAndExpenses": 14238000000,
    "interestIncome": 11000000,
    "interestExpense": 346000000,
    "depreciationAndAmortization": 1123000000,
    "ebitda": 2638000000,
    "ebitdaratio": 0.1729722641,
    "operatingIncome": 1013000000,
    "operatingIncomeRatio": 0.066421874,
    "totalOtherIncomeExpensesNet": 145000000,
    "incomeBeforeTax": 1158000000,
    "incomeBeforeTaxRatio": 0.0759294472,
    "incomeTaxExpense": 345000000,
    "netIncome": 753000000,
    "netIncomeRatio": 0.0493738116,
    "eps": 0.5,
    "epsdiluted": 0.5,
    "weightedAverageShsOut": 1511100000,
    "weightedAverageShsOutDil": 1514100000,
    "link": "https://www.sec.gov/Archives/edgar/data/101829/000010182921000024/0000101829-21-000024-index.htm",
    "finalLink": "https://www.sec.gov/Archives/edgar/data/101829/000010182921000024/rtx-20210331.htm"
  },
  {
    "date": "2020-12-31",
    "symbol": "RTX",
    "reportedCurrency": "USD",
    "cik": "0000101829",
    "fillingDate": "2021-02-08",
    "acceptedDate": "2021-02-08 17:07:52",
    "calendarYear": "2020",
    "period": "Q4",
    "revenue": 16419000000,
    "costOfRevenue": 14266000000,
    "grossProfit": 2153000000,
    "grossProfitRatio": 0.1311285706,
    "researchAndDevelopmentExpenses": 710000000,
    "generalAndAdministrativeExpenses": 0,
    "sellingAndMarketingExpenses": 0,
    "sellingGeneralAndAdministrativeExpenses": 1351000000,
    "otherExpenses": 244000000,
    "operatingExpenses": 2011000000,
    "costAndExpenses": 16277000000,
    "interestIncome": 18000000,
    "interestExpense": 349000000,
    "depreciationAndAmortization": 1153000000,
    "ebitda": 1557000000,
    "ebitdaratio": 0.0948291613,
    "operatingIncome": 142000000,
    "operatingIncomeRatio": 0.008648517,
    "totalOtherIncomeExpensesNet": -489000000,
    "incomeBeforeTax": 37000000,
    "incomeBeforeTaxRatio": 0.0022534868,
    "incomeTaxExpense": -178000000,
    "netIncome": 135000000,
    "netIncomeRatio": 0.0082221816,
    "eps": 0.0893,
    "epsdiluted": 0.0891,
    "weightedAverageShsOut": 1512300000,
    "weightedAverageShsOutDil": 1515400000,
    "link": "https://www.sec.gov/Archives/edgar/data/101829/000010182921000008/0000101829-21-000008-index.htm",
    "finalLink": "https://www.sec.gov/Archives/edgar/data/101829/000010182921000008/rtx-20201231.htm"
  },
  {
    "date": "2020-09-30",
    "symbol": "RTX",
    "reportedCurrency": "USD",
    "cik": "0000101829",
    "fillingDate": "2020-10-27",
    "acceptedDate": "2020-10-27 16:43:53",
    "calendarYear": "2020",
    "period": "Q3",
    "revenue": 14747000000,
    "costOfRevenue": 13004000000,
    "grossProfit": 1743000000,
    "grossProfitRatio": 0.1181935309,
    "researchAndDevelopmentExpenses": 642000000,
    "generalAndAdministrativeExpenses": 0,
    "sellingAndMarketingExpenses": 0,
    "sellingGeneralAndAdministrativeExpenses": 1401000000,
    "otherExpenses": 253000000,
    "operatingExpenses": 1309000000,
    "costAndExpenses": 14313000000,
    "interestIncome": 6000000,
    "interestExpense": 350000000,
    "depreciationAndAmortization": 1164000000,
    "ebitda": 1857000000,
    "ebitdaratio": 0.1259239167,
    "operatingIncome": 434000000,
    "operatingIncomeRatio": 0.0294297145,
    "totalOtherIncomeExpensesNet": -97000000,
    "incomeBeforeTax": 337000000,
    "incomeBeforeTaxRatio": 0.0228521055,
    "incomeTaxExpense": 152000000,
    "netIncome": 264000000,
    "netIncomeRatio": 0.0179019462,
    "eps": 0.17,
    "epsdiluted": 0.17,
    "weightedAverageShsOut": 1511500000,
    "weightedAverageShsOutDil": 1514200000,
    "link": "https://www.sec.gov/Archives/edgar/data/101829/000010182920000071/0000101829-20-000071-index.htm",
    "finalLink": "https://www.sec.gov/Archives/edgar/data/101829/000010182920000071/utx-20200930.htm"
  },
  {
    "date": "2020-06-30",
    "symbol": "RTX",
    "reportedCurrency": "USD",
    "cik": "0000101829",
    "fillingDate": "2020-07-29",
    "acceptedDate": "2020-07-28 19:50:43",
    "calendarYear": "2020",
    "period": "Q2",
    "revenue": 14061000000,
    "costOfRevenue": 12214000000,
    "grossProfit": 1847000000,
    "grossProfitRatio": 0.1313562336,
    "researchAndDevelopmentExpenses": 695000000,
    "generalAndAdministrativeExpenses": 0,
    "sellingAndMarketingExpenses": 0,
    "sellingGeneralAndAdministrativeExpenses": 1811000000,
    "otherExpenses": 237000000,
    "operatingExpenses": 2424000000,
    "costAndExpenses": 14638000000,
    "interestIncome": 11000000,
    "interestExpense": 335000000,
    "depreciationAndAmortization": 1111000000,
    "ebitda": -2653000000,
    "ebitdaratio": -0.1886779034,
    "operatingIncome": -3760000000,
    "operatingIncomeRatio": -0.2674063011,
    "totalOtherIncomeExpensesNet": -98000000,
    "incomeBeforeTax": -3858000000,
    "incomeBeforeTaxRatio": -0.2743759334,
    "incomeTaxExpense": -38000000,
    "netIncome": -3835000000,
    "netIncomeRatio": -0.2727402034,
    "eps": -2.55,
    "epsdiluted": -2.55,
    "weightedAverageShsOut": 1501300000,
    "weightedAverageShsOutDil": 1501300000,
    "link": "https://www.sec.gov/Archives/edgar/data/101829/000010182920000055/0000101829-20-000055-index.htm",
    "finalLink": "https://www.sec.gov/Archives/edgar/data/101829/000010182920000055/utx-20200630.htm"
  },
  {
    "date": "2020-03-31",
    "symbol": "RTX",
    "reportedCurrency": "USD",
    "cik": "0000101829",
    "fillingDate": "2020-05-07",
    "acceptedDate": "2020-05-07 16:54:21",
    "calendarYear": "2020",
    "period": "Q1",
    "revenue": 18210000000,
    "costOfRevenue": 13408000000,
    "grossProfit": 4802000000,
    "grossProfitRatio": 0.263701263,
    "researchAndDevelopmentExpenses": 671000000,
    "generalAndAdministrativeExpenses": 2248000000,
    "sellingAndMarketingExpenses": 0,
    "sellingGeneralAndAdministrativeExpenses": 2248000000,
    "otherExpenses": 188000000,
    "operatingExpenses": 2995000000,
    "costAndExpenses": 16403000000,
    "interestIncome": 20000000,
    "interestExpense": 400000000,
    "depreciationAndAmortization": 980000000,
    "ebitda": 2335000000,
    "ebitdaratio": 0.1282262493,
    "operatingIncome": 1807000000,
    "operatingIncomeRatio": 0.0992311917,
    "totalOtherIncomeExpensesNet": -852000000,
    "incomeBeforeTax": 955000000,
    "incomeBeforeTaxRatio": 0.0524437122,
    "incomeTaxExpense": 941000000,
    "netIncome": -83000000,
    "netIncomeRatio": -0.0045579352,
    "eps": -0.0967,
    "epsdiluted": -0.0959,
    "weightedAverageShsOut": 858400000,
    "weightedAverageShsOutDil": 865800000,
    "link": "https://www.sec.gov/Archives/edgar/data/101829/000010182920000034/0000101829-20-000034-index.htm",
    "finalLink": "https://www.sec.gov/Archives/edgar/data/101829/000010182920000034/utx-20200331.htm"
  }
]