[
  {
    "date": "2025-01-31",
    "symbol": "CRM",
    "reportedCurrency": "USD",
    "cik": "0001108524",
    "fillingDate": "2025-03-05",
    "acceptedDate": "2025-03-05 16:16:48",
    "calendarYear": "2025",
    "period": "FY",
    "revenue": 37895000000,
    "costOfRevenue": 8643000000,
    "grossProfit": 29252000000,
    "grossProfitRatio": 0.7719224172,
    "researchAndDevelopmentExpenses": 5493000000,
    "generalAndAdministrativeExpenses": 2836000000,
    "sellingAndMarketingExpenses": 13257000000,
    "sellingGeneralAndAdministrativeExpenses": 16093000000,
    "otherExpenses": 0,
    "operatingExpenses": 22047000000,
    "costAndExpenses": 30690000000,
    "interestIncome": 0,
    "interestExpense": 0,
    "depreciationAndAmortization": 3477000000,
    "ebitda": 11143000000,
    "ebitdaratio": 0.2940493469,
    "operatingIncome": 7205000000,
    "operatingIncomeRatio": 0.1901306241,
    "totalOtherIncomeExpensesNet": 233000000,
    "incomeBeforeTax": 7438000000,
    "incomeBeforeTaxRatio": 0.1962791925,
    "incomeTaxExpense": 1241000000,
    "netIncome": 6197000000,
    "netIncomeRatio": 0.1635308088,
    "eps": 6.44,
    "epsdiluted": 6.36,
    "weightedAverageShsOut": 962000000,
    "weightedAverageShsOutDil": 974000000,
    "link": "https://www.sec.gov/Archives/edgar/data/1108524/000110852425000006/0001108524-25-000006-index.htm",
    "finalLink": "https://www.sec.gov/Archives/edgar/data/1108524/000110852425000006/crm-20250131.htm"
  },
  {
    "date": "2024-01-31",
    "symbol": "CRM",
    "reportedCurrency": "USD",
    "cik": "0001108524",
    "fillingDate": "2024-03-06",
    "acceptedDate": "2024-03-06 16:32:48",
    "calendarYear": "2024",
    "period": "FY",
    "revenue": 34857000000,
    "costOfRevenue": 8541000000,
    "grossProfit": 26316000000,
    "grossProfitRatio": 0.7549703073,
    "researchAndDevelopmentExpenses": 4906000000,
    "generalAndAdministrativeExpenses": 2534000000,
    "sellingAndMarketingExpenses": 12877000000,
    "sellingGeneralAndAdministrativeExpenses": 15411000000,
    "otherExpenses": 0,
    "operatingExpenses": 20317000000,
    "costAndExpenses": 28858000000,
    "interestIncome": 0,
    "interestExpense": 0,
    "depreciationAndAmortization": 3222000000,
    "ebitda": 9221000000,
    "ebitdaratio": 0.2645379694,
    "operatingIncome": 5011000000,
    "operatingIncomeRatio": 0.1437587859,
    "totalOtherIncomeExpensesNet": -61000000,
    "incomeBeforeTax": 4950000000,
    "incomeBeforeTaxRatio": 0.1420087787,
    "incomeTaxExpense": 814000000,
    "netIncome": 4136000000,
    "netIncomeRatio": 0.118656224,
    "eps": 4.25,
    "epsdiluted": 4.2,
    "weightedAverageShsOut": 974000000,
    "weightedAverageShsOutDil": 984000000,
    "link": "https://www.sec.gov/Archives/edgar/data/1108524/000110852424000005/0001108524-24-000005-index.htm",
    "finalLink": "https://www.sec.gov/Archives/edgar/data/1108524/000110852424000005/crm-20240131.htm"
  },
  {
    "date": "2023-01-31",
    "symbol": "CRM",
    "reportedCurrency": "USD",
    "cik": "0001108524",
    "fillingDate": "2023-03-08",
    "acceptedDate": "2023-03-08 16:41:15",
    "calendarYear": "2023",
    "period": "FY",
    "revenue": 31352000000,
    "costOfRevenue": 8360000000,
    "grossProfit": 22992000000,
    "grossProfitRatio": 0.7333503445,
    "researchAndDevelopmentExpenses": 5055000000,
    "generalAndAdministrativeExpenses": 2553000000,
    "sellingAndMarketingExpenses": 13526000000,
    "sellingGeneralAndAdministrativeExpenses": 16079000000,
    "otherExpenses": 0,
    "operatingExpenses": 21134000000,
    "costAndExpenses": 29494000000,
    "interestIncome": 0,
    "interestExpense": 0,
    "depreciationAndAmortization": 3786000000,
    "ebitda": 5644000000,
    "ebitdaratio": 0.1800204134,
    "operatingIncome": 1030000000,
    "operatingIncomeRatio": 0.0328527686,
    "totalOtherIncomeExpensesNet": -370000000,
    "incomeBeforeTax": 660000000,
    "incomeBeforeTaxRatio": 0.0210512886,
    "incomeTaxExpense": 452000000,
    "netIncome": 208000000,
    "netIncomeRatio": 0.0066343455,
    "eps": 0.21,
    "epsdiluted": 0.21,
    "weightedAverageShsOut": 992000000,
    "weightedAverageShsOutDil": 997000000,
    "link": "https://www.sec.gov/Archives/edgar/data/1108524/000110852423000011/0001108524-23-000011-index.htm",
    "finalLink": "https://www.sec.gov/Archives/edgar/data/1108524/000110852423000011/crm-20230131.htm"
  },
  {
    "date": "2022-01-31",
    "symbol": "CRM",
    "reportedCurrency": "USD",
    "cik": "0001108524",
    "fillingDate": "2022-03-11",
    "acceptedDate": "2022-03-11 08:06:16",
    "calendarYear": "2022",
    "period": "FY",
    "revenue": 26492000000,
    "costOfRevenue": 7026000000,
    "grossProfit": 19466000000,
    "grossProfitRatio": 0.7347878605,
    "researchAndDevelopmentExpenses": 4465000000,
    "generalAndAdministrativeExpenses": 2598000000,
    "sellingAndMarketingExpenses": 11855000000,
    "sellingGeneralAndAdministrativeExpenses": 14453000000,
    "otherExpenses": 0,
    "operatingExpenses": 18918000000,
    "costAndExpenses": 25944000000,
    "interestIncome": 0,
    "interestExpense": 0,
    "depreciationAndAmortization": 3298000000,
    "ebitda": 3846000000,
    "ebitdaratio": 0.1451759022,
    "operatingIncome": 548000000,
    "operatingIncomeRatio": 0.02068549,
    "totalOtherIncomeExpensesNet": 984000000,
    "incomeBeforeTax": 1532000000,
    "incomeBeforeTaxRatio": 0.0578287785,
    "incomeTaxExpense": 88000000,
    "netIncome": 1444000000,
    "netIncomeRatio": 0.054507021,
    "eps": 1.51,
    "epsdiluted": 1.48,
    "weightedAverageShsOut": 955000000,
    "weightedAverageShsOutDil": 974000000,
    "link": "https://www.sec.gov/Archives/edgar/data/1108524/000110852422000013/0001108524-22-000013-index.htm",
    "finalLink": "https://www.sec.gov/Archives/edgar/data/1108524/000110852422000013/crm-20220131.htm"
  },
  {
    "date": "2021-01-31",
    "symbol": "CRM",
    "reportedCurrency": "USD",
    "cik": "0001108524",
    "fillingDate": "2021-03-17",
    "acceptedDate": "2022-02-24 16:13:45",
    "calendarYear": "2021",
    "period": "FY",
    "revenue": 21252000000,
    "costOfRevenue": 5438000000,
    "grossProfit": 15814000000,
    "grossProfitRatio": 0.7441182006,
    "researchAndDevelopmentExpenses": 3598000000,
    "generalAndAdministrativeExpenses": 2087000000,
    "sellingAndMarketingExpenses": 9674000000,
    "sellingGeneralAndAdministrativeExpenses": 11761000000,
    "otherExpenses": 0,
    "operatingExpenses": 15359000000,
    "costAndExpenses": 20797000000,
    "interestIncome": 0,
    "interestExpense": 0,
    "depreciationAndAmortization": 2846000000,
    "ebitda": 3301000000,
    "ebitdaratio": 0.1553265575,
    "operatingIncome": 455000000,
    "operatingIncomeRatio": 0.0214097497,
    "totalOtherIncomeExpensesNet": 2106000000,
    "incomeBeforeTax": 2561000000,
    "incomeBeforeTaxRatio": 0.1205063053,
    "incomeTaxExpense": -1511000000,
    "netIncome": 4072000000,
    "netIncomeRatio": 0.191605496,
    "eps": 4.48,
    "epsdiluted": 4.38,
    "weightedAverageShsOut": 908000000,
    "weightedAverageShsOutDil": 930000000,
    "link": "https://www.sec.gov/Archives/edgar/data/1108524/000110852422000008/0001108524-22-000008-index.htm",
    "finalLink": "https://www.sec.gov/Archives/edgar/data/1108524/000110852422000008/crm-20210131.htm"
  },
  {
    "date": "2020-01-31",
    "symbol": "CRM",
    "reportedCurrency": "USD",
    "cik": "0001108524",
    "fillingDate": "2020-03-05",
    "acceptedDate": "2020-03-05 16:29:57",
    "calendarYear": "2020",
    "period": "FY",
    "revenue": 17098000000,
    "costOfRevenue": 4235000000,
    "grossProfit": 12863000000,
    "grossProfitRatio": 0.7523102117,
    "researchAndDevelopmentExpenses": 2766000000,
    "generalAndAdministrativeExpenses": 1704000000,
    "sellingAndMarketingExpenses": 7930000000,
    "sellingGeneralAndAdministrativeExpenses": 9634000000,
    "otherExpenses": 0,
    "operatingExpenses": 12400000000,
    "costAndExpenses": 16635000000,
    "interestIncome": 0,
    "interestExpense": 0,
    "depreciationAndAmortization": 2135000000,
    "ebitda": 2598000000,
    "ebitdaratio": 0.1519475962,
    "operatingIncome": 297000000,
    "operatingIncomeRatio": 0.0173704527,
    "totalOtherIncomeExpensesNet": 409000000,
    "incomeBeforeTax": 706000000,
    "incomeBeforeTaxRatio": 0.0412913791,
    "incomeTaxExpense": 580000000,
    "netIncome": 126000000,
    "netIncomeRatio": 0.007369283,
    "eps": 0.15,
    "epsdiluted": 0.15,
    "weightedAverageShsOut": 829000000,
    "weightedAverageShsOutDil": 850000000,
    "link": "https://www.sec.gov/Archives/edgar/data/1108524/000110852420000014/0001108524-20-000014-index.htm",
    "finalLink": "https://www.sec.gov/Archives/edgar/data/1108524/000110852420000014/crm-20200131.htm"
  },
  {
    "date": "2019-01-31",
    "symbol": "CRM",
    "reportedCurrency": "USD",
    "cik": "0001108524",
    "fillingDate": "2019-03-08",
    "acceptedDate": "2019-03-08 08:04:49",
    "calendarYear": "2019",
    "period": "FY",
    "revenue": 13282000000,
    "costOfRevenue": 3451000000,
    "grossProfit": 9831000000,
    "grossProfitRatio": 0.7401746725,
    "researchAndDevelopmentExpenses": 1886000000,
    "generalAndAdministrativeExpenses": 1346000000,
    "sellingAndMarketingExpenses": 6064000000,
    "sellingGeneralAndAdministrativeExpenses": 7410000000,
    "otherExpenses": 0,
    "operatingExpenses": 9296000000,
    "costAndExpenses": 12747000000,
    "interestIncome": 61000000,
    "interestExpense": 154000000,
    "depreciationAndAmortization": 982000000,
    "ebitda": 1517000000,
    "ebitdaratio": 0.1142147267,
    "operatingIncome": 535000000,
    "operatingIncomeRatio": 0.0402800783,
    "totalOtherIncomeExpensesNet": 448000000,
    "incomeBeforeTax": 983000000,
    "incomeBeforeTaxRatio": 0.0740099383,
    "incomeTaxExpense": -127000000,
    "netIncome": 1110000000,
    "netIncomeRatio": 0.0835717512,
    "eps": 1.48,
    "epsdiluted": 1.43,
    "weightedAverageShsOut": 751000000,
    "weightedAverageShsOutDil": 775000000,
    "link": "https://www.sec.gov/Archives/edgar/data/1108524/000110852419000009/0001108524-19-000009-index.htm",
    "finalLink": "https://www.sec.gov/Archives/edgar/data/1108524/000110852419000009/crmq4fy1910-k.htm"
  },
  {
    "date": "2018-01-31",
    "symbol": "CRM",
    "reportedCurrency": "USD",
    "cik": "0001108524",
    "fillingDate": "2018-03-09",
    "acceptedDate": "2018-03-09 17:01:46",
    "calendarYear": "2018",
    "period": "FY",
    "revenue": 10480012000,
    "costOfRevenue": 2773000000,
    "grossProfit": 7767000000,
    "grossProfitRatio": 0.7411251056,
    "researchAndDevelopmentExpenses": 1553000000,
    "generalAndAdministrativeExpenses": 1089000000,
    "sellingAndMarketingExpenses": 4671000000,
    "sellingGeneralAndAdministrativeExpenses": 5760000000,
    "otherExpenses": 0,
    "operatingExpenses": 7313000000,
    "costAndExpenses": 10086000000,
    "interestIncome": 36480000,
    "interestExpense": 86943000,
    "depreciationAndAmortization": 784000000,
    "ebitda": 1238000000,
    "ebitdaratio": 0.1181296357,
    "operatingIncome": 454000000,
    "operatingIncomeRatio": 0.0433205611,
    "totalOtherIncomeExpensesNet": -34000000,
    "incomeBeforeTax": 420000000,
    "incomeBeforeTaxRatio": 0.04007629,
    "incomeTaxExpense": 60000000,
    "netIncome": 360000000,
    "netIncomeRatio": 0.0343511057,
    "eps": 0.18,
    "epsdiluted": 0.17,
    "weightedAverageShsOut": 714919000,
    "weightedAverageShsOutDil": 734598000,
    "link": "https://www.sec.gov/Archives/edgar/data/1108524/000110852418000011/0001108524-18-000011-index.htm",
    "finalLink": "https://www.sec.gov/Archives/edgar/data/1108524/000110852418000011/crmq4fy1810-k.htm"
  },
  {
    "date": "2017-01-31",
    "symbol": "CRM",
    "reportedCurrency": "USD",
    "cik": "0001108524",
    "fillingDate": "2017-03-06",
    "acceptedDate": "2017-03-06 16:38:50",
    "calendarYear": "2017",
    "period": "FY",
    "revenue": 8391984000,
    "costOfRevenue": 2234000000,
    "grossProfit": 6203000000,
    "grossProfitRatio": 0.7391577486,
    "researchAndDevelopmentExpenses": 1208000000,
    "generalAndAdministrativeExpenses": 966000000,
    "sellingAndMarketingExpenses": 3811000000,
    "sellingGeneralAndAdministrativeExpenses": 4777000000,
    "otherExpenses": 0,
    "operatingExpenses": 5985000000,
    "costAndExpenses": 8219000000,
    "interestIncome": 22000000,
    "interestExpense": 89000000,
    "depreciationAndAmortization": 632000000,
    "ebitda": 850000000,
    "ebitdaratio": 0.1012871331,
    "operatingIncome": 218000000,
    "operatingIncomeRatio": 0.0259771706,
    "totalOtherIncomeExpensesNet": -39000000,
    "incomeBeforeTax": 179000000,
    "incomeBeforeTaxRatio": 0.0213298786,
    "incomeTaxExpense": -144000000,
    "netIncome": 323000000,
    "netIncomeRatio": 0.0384891106,
    "eps": 0.26,
    "epsdiluted": 0.26,
    "weightedAverageShsOut": 687797000,
    "weightedAverageShsOutDil": 700217000,
    "link": "https://www.sec.gov/Archives/edgar/data/1108524/000110852417000006/0001108524-17-000006-index.htm",
    "finalLink": "https://www.sec.gov/Archives/edgar/data/1108524/000110852417000006/crm-2017131x10k.htm"
  },
  {
    "date": "2016-01-31",
    "symbol": "CRM",
    "reportedCurrency": "USD",
    "cik": "0001108524",
    "fillingDate": "2016-03-07",
    "acceptedDate": "2016-03-04 17:53:06",
    "calendarYear": "2016",
    "period": "FY",
    "revenue": 6667216000,
    "costOfRevenue": 1654548000,
    "grossProfit": 5012668000,
    "grossProfitRatio": 0.7518382485,
    "researchAndDevelopmentExpenses": 946300000,
    "generalAndAdministrativeExpenses": 711621000,
    "sellingAndMarketingExpenses": 3239824000,
    "sellingGeneralAndAdministrativeExpenses": 3951445000,
    "otherExpenses": 0,
    "operatingExpenses": 4897745000,
    "costAndExpenses": 6552293000,
    "interestIncome": 14146000,
    "interestExpense": 72485000,
    "depreciationAndAmortization": 525750000,
    "ebitda": 662514000,
    "ebitdaratio": 0.099368912,
    "operatingIncome": 114923000,
    "operatingIncomeRatio": 0.0172370297,
    "totalOtherIncomeExpensesNet": -50644000,
    "incomeBeforeTax": 64279000,
    "incomeBeforeTaxRatio": 0.0096410556,
    "incomeTaxExpense": 111705000,
    "netIncome": -47426000,
    "netIncomeRatio": -0.0071133139,
    "eps": -0.07,
    "epsdiluted": -0.07,
    "weightedAverageShsOut": 661647000,
    "weightedAverageShsOutDil": 661647000,
    "link": "https://www.sec.gov/Archives/edgar/data/1108524/000110852416000053/0001108524-16-000053-index.htm",
    "finalLink": "https://www.sec.gov/Archives/edgar/data/1108524/000110852416000053/crm-2016131x10k.htm"
  }
]