[
  {
    "date": "2025-01-31",
    "symbol": "CRM",
    "reportedCurrency": "USD",
    "cik": "0001108524",
    "fillingDate": "2025-03-05",
    "acceptedDate": "2025-03-05 16:16:48",
    "calendarYear": "2025",
    "period": "Q4",
    "revenue": 9993000000,
    "costOfRevenue": 2217000000,
    "grossProfit": 7776000000,
    "grossProfitRatio": 0.7781447013,
    "researchAndDevelopmentExpenses": 1420000000,
    "generalAndAdministrativeExpenses": 767000000,
    "sellingAndMarketingExpenses": 3471000000,
    "sellingGeneralAndAdministrativeExpenses": 4238000000,
    "otherExpenses": 0,
    "operatingExpenses": 5956000000,
    "costAndExpenses": 8173000000,
    "interestIncome": 0,
    "interestExpense": 0,
    "depreciationAndAmortization": 877000000,
    "ebitda": 2995000000,
    "ebitdaratio": 0.2997097969,
    "operatingIncome": 1820000000,
    "operatingIncomeRatio": 0.1821274892,
    "totalOtherIncomeExpensesNet": 168000000,
    "incomeBeforeTax": 1988000000,
    "incomeBeforeTaxRatio": 0.1989392575,
    "incomeTaxExpense": 280000000,
    "netIncome": 1708000000,
    "netIncomeRatio": 0.1709196438,
    "eps": 1.78,
    "epsdiluted": 1.75,
    "weightedAverageShsOut": 959000000,
    "weightedAverageShsOutDil": 974000000,
    "link": "https://www.sec.gov/Archives/edgar/data/1108524/000110852425000006/0001108524-25-000006-index.htm",
    "finalLink": "https://www.sec.gov/Archives/edgar/data/1108524/000110852425000006/crm-20250131.htm"
  },
  {
    "date": "2024-10-31",
    "symbol": "CRM",
    "reportedCurrency": "USD",
    "cik": "0001108524",
    "fillingDate": "2024-12-04",
    "acceptedDate": "2024-12-03 21:04:12",
    "calendarYear": "2025",
    "period": "Q3",
    "revenue": 9444000000,
    "costOfRevenue": 2105000000,
    "grossProfit": 7339000000,
    "grossProfitRatio": 0.777107158,
    "researchAndDevelopmentExpenses": 1356000000,
    "generalAndAdministrativeExpenses": 711000000,
    "sellingAndMarketingExpenses": 3323000000,
    "sellingGeneralAndAdministrativeExpenses": 4034000000,
    "otherExpenses": 0,
    "operatingExpenses": 5390000000,
    "costAndExpenses": 7495000000,
    "interestIncome": 0,
    "interestExpense": 0,
    "depreciationAndAmortization": -1786000000,
    "ebitda": -40000000,
    "ebitdaratio": -0.0042354934,
    "operatingIncome": 1893000000,
    "operatingIncomeRatio": 0.2004447268,
    "totalOtherIncomeExpensesNet": -147000000,
    "incomeBeforeTax": 1746000000,
    "incomeBeforeTaxRatio": 0.1848792884,
    "incomeTaxExpense": 219000000,
    "netIncome": 1527000000,
    "netIncomeRatio": 0.1616899619,
    "eps": 1.6,
    "epsdiluted": 1.58,
    "weightedAverageShsOut": 963000000,
    "weightedAverageShsOutDil": 975000000,
    "link": "https://www.sec.gov/Archives/edgar/data/1108524/000110852424000034/0001108524-24-000034-index.htm",
    "finalLink": "https://www.sec.gov/Archives/edgar/data/1108524/000110852424000034/crm-20241031.htm"
  },
  {
    "date": "2024-07-31",
    "symbol": "CRM",
    "reportedCurrency": "USD",
    "cik": "0001108524",
    "fillingDate": "2024-08-29",
    "acceptedDate": "2024-08-28 18:34:36",
    "calendarYear": "2025",
    "period": "Q2",
    "revenue": 9325000000,
    "costOfRevenue": 2159000000,
    "grossProfit": 7166000000,
    "grossProfitRatio": 0.7684718499,
    "researchAndDevelopmentExpenses": 1349000000,
    "generalAndAdministrativeExpenses": 711000000,
    "sellingAndMarketingExpenses": 3224000000,
    "sellingGeneralAndAdministrativeExpenses": 3935000000,
    "otherExpenses": 0,
    "operatingExpenses": 5284000000,
    "costAndExpenses": 7443000000,
    "interestIncome": 0,
    "interestExpense": 0,
    "depreciationAndAmortization": 907000000,
    "ebitda": 2789000000,
    "ebitdaratio": 0.2990884718,
    "operatingIncome": 1783000000,
    "operatingIncomeRatio": 0.1912064343,
    "totalOtherIncomeExpensesNet": 54000000,
    "incomeBeforeTax": 1837000000,
    "incomeBeforeTaxRatio": 0.196997319,
    "incomeTaxExpense": 408000000,
    "netIncome": 1429000000,
    "netIncomeRatio": 0.1532439678,
    "eps": 1.48,
    "epsdiluted": 1.47,
    "weightedAverageShsOut": 964000000,
    "weightedAverageShsOutDil": 973000000,
    "link": "https://www.sec.gov/Archives/edgar/data/1108524/000110852424000022/0001108524-24-000022-index.htm",
    "finalLink": "https://www.sec.gov/Archives/edgar/data/1108524/000110852424000022/crm-20240731.htm"
  },
  {
    "date": "2024-04-30",
    "symbol": "CRM",
    "reportedCurrency": "USD",
    "cik": "0001108524",
    "fillingDate": "2024-05-30",
    "acceptedDate": "2024-05-29 18:48:20",
    "calendarYear": "2025",
    "period": "Q1",
    "revenue": 9133000000,
    "costOfRevenue": 2162000000,
    "grossProfit": 6971000000,
    "grossProfitRatio": 0.763276032,
    "researchAndDevelopmentExpenses": 1368000000,
    "generalAndAdministrativeExpenses": 647000000,
    "sellingAndMarketingExpenses": 3239000000,
    "sellingGeneralAndAdministrativeExpenses": 3886000000,
    "otherExpenses": 0,
    "operatingExpenses": 5254000000,
    "costAndExpenses": 7416000000,
    "interestIncome": 0,
    "interestExpense": 0,
    "depreciationAndAmortization": 879000000,
    "ebitda": 2358000000,
    "ebitdaratio": 0.2581846053,
    "operatingIncome": 1709000000,
    "operatingIncomeRatio": 0.1871236177,
    "totalOtherIncomeExpensesNet": 158000000,
    "incomeBeforeTax": 1867000000,
    "incomeBeforeTaxRatio": 0.2044235191,
    "incomeTaxExpense": 334000000,
    "netIncome": 1533000000,
    "netIncomeRatio": 0.1678528413,
    "eps": 1.58,
    "epsdiluted": 1.56,
    "weightedAverageShsOut": 970000000,
    "weightedAverageShsOutDil": 985000000,
    "link": "https://www.sec.gov/Archives/edgar/data/1108524/000110852424000009/0001108524-24-000009-index.htm",
    "finalLink": "https://www.sec.gov/Archives/edgar/data/1108524/000110852424000009/crm-20240430.htm"
  },
  {
    "date": "2024-01-31",
    "symbol": "CRM",
    "reportedCurrency": "USD",
    "cik": "0001108524",
    "fillingDate": "2024-03-06",
    "acceptedDate": "2024-03-06 16:32:48",
    "calendarYear": "2024",
    "period": "Q4",
    "revenue": 9287000000,
    "costOfRevenue": 2148000000,
    "grossProfit": 7139000000,
    "grossProfitRatio": 0.768708948,
    "researchAndDevelopmentExpenses": 1275000000,
    "generalAndAdministrativeExpenses": 632000000,
    "sellingAndMarketingExpenses": 3437000000,
    "sellingGeneralAndAdministrativeExpenses": 4069000000,
    "otherExpenses": 0,
    "operatingExpenses": 5344000000,
    "costAndExpenses": 7492000000,
    "interestIncome": 0,
    "interestExpense": 0,
    "depreciationAndAmortization": 953000000,
    "ebitda": 2754000000,
    "ebitdaratio": 0.2965435555,
    "operatingIncome": 1622000000,
    "operatingIncomeRatio": 0.1746527404,
    "totalOtherIncomeExpensesNet": 23000000,
    "incomeBeforeTax": 1645000000,
    "incomeBeforeTaxRatio": 0.1771293206,
    "incomeTaxExpense": 199000000,
    "netIncome": 1446000000,
    "netIncomeRatio": 0.1557015183,
    "eps": 1.49,
    "epsdiluted": 1.47,
    "weightedAverageShsOut": 970000000,
    "weightedAverageShsOutDil": 983000000,
    "link": "https://www.sec.gov/Archives/edgar/data/1108524/000110852424000005/0001108524-24-000005-index.htm",
    "finalLink": "https://www.sec.gov/Archives/edgar/data/1108524/000110852424000005/crm-20240131.htm"
  },
  {
    "date": "2023-10-31",
    "symbol": "CRM",
    "reportedCurrency": "USD",
    "cik": "0001108524",
    "fillingDate": "2023-11-30",
    "acceptedDate": "2023-11-29 18:35:29",
    "calendarYear": "2024",
    "period": "Q3",
    "revenue": 8720000000,
    "costOfRevenue": 2155000000,
    "grossProfit": 6565000000,
    "grossProfitRatio": 0.7528669725,
    "researchAndDevelopmentExpenses": 1204000000,
    "generalAndAdministrativeExpenses": 632000000,
    "sellingAndMarketingExpenses": 3173000000,
    "sellingGeneralAndAdministrativeExpenses": 3805000000,
    "otherExpenses": 0,
    "operatingExpenses": 5009000000,
    "costAndExpenses": 7164000000,
    "interestIncome": 0,
    "interestExpense": 0,
    "depreciationAndAmortization": 862000000,
    "ebitda": 2418000000,
    "ebitdaratio": 0.277293578,
    "operatingIncome": 1501000000,
    "operatingIncomeRatio": 0.1721330275,
    "totalOtherIncomeExpensesNet": -14000000,
    "incomeBeforeTax": 1487000000,
    "incomeBeforeTaxRatio": 0.1705275229,
    "incomeTaxExpense": 263000000,
    "netIncome": 1224000000,
    "netIncomeRatio": 0.1403669725,
    "eps": 1.26,
    "epsdiluted": 1.25,
    "weightedAverageShsOut": 972000000,
    "weightedAverageShsOutDil": 981000000,
    "link": "https://www.sec.gov/Archives/edgar/data/1108524/000110852423000048/0001108524-23-000048-index.htm",
    "finalLink": "https://www.sec.gov/Archives/edgar/data/1108524/000110852423000048/crm-20231031.htm"
  },
  {
    "date": "2023-07-31",
    "symbol": "CRM",
    "reportedCurrency": "USD",
    "cik": "0001108524",
    "fillingDate": "2023-08-31",
    "acceptedDate": "2023-08-30 18:22:33",
    "calendarYear": "2024",
    "period": "Q2",
    "revenue": 8603000000,
    "costOfRevenue": 2113000000,
    "grossProfit": 6490000000,
    "grossProfitRatio": 0.7543880042,
    "researchAndDevelopmentExpenses": 1220000000,
    "generalAndAdministrativeExpenses": 632000000,
    "sellingAndMarketingExpenses": 3113000000,
    "sellingGeneralAndAdministrativeExpenses": 3745000000,
    "otherExpenses": 0,
    "operatingExpenses": 4965000000,
    "costAndExpenses": 7078000000,
    "interestIncome": 0,
    "interestExpense": 0,
    "depreciationAndAmortization": 890000000,
    "ebitda": 2415000000,
    "ebitdaratio": 0.2807160293,
    "operatingIncome": 1476000000,
    "operatingIncomeRatio": 0.1715680577,
    "totalOtherIncomeExpensesNet": 16000000,
    "incomeBeforeTax": 1492000000,
    "incomeBeforeTaxRatio": 0.173427874,
    "incomeTaxExpense": 225000000,
    "netIncome": 1267000000,
    "netIncomeRatio": 0.1472742067,
    "eps": 1.3,
    "epsdiluted": 1.28,
    "weightedAverageShsOut": 975000000,
    "weightedAverageShsOutDil": 986000000,
    "link": "https://www.sec.gov/Archives/edgar/data/1108524/000110852423000040/0001108524-23-000040-index.htm",
    "finalLink": "https://www.sec.gov/Archives/edgar/data/1108524/000110852423000040/crm-20230731.htm"
  },
  {
    "date": "2023-04-30",
    "symbol": "CRM",
    "reportedCurrency": "USD",
    "cik": "0001108524",
    "fillingDate": "2023-06-01",
    "acceptedDate": "2023-05-31 18:24:31",
    "calendarYear": "2024",
    "period": "Q1",
    "revenue": 8247000000,
    "costOfRevenue": 2125000000,
    "grossProfit": 6122000000,
    "grossProfitRatio": 0.7423305444,
    "researchAndDevelopmentExpenses": 1207000000,
    "generalAndAdministrativeExpenses": 638000000,
    "sellingAndMarketingExpenses": 3154000000,
    "sellingGeneralAndAdministrativeExpenses": 3792000000,
    "otherExpenses": 0,
    "operatingExpenses": 4999000000,
    "costAndExpenses": 7124000000,
    "interestIncome": 0,
    "interestExpense": 0,
    "depreciationAndAmortization": 1254000000,
    "ebitda": 2377000000,
    "ebitdaratio": 0.2882260216,
    "operatingIncome": 412000000,
    "operatingIncomeRatio": 0.0499575603,
    "totalOtherIncomeExpensesNet": -86000000,
    "incomeBeforeTax": 326000000,
    "incomeBeforeTaxRatio": 0.0395295259,
    "incomeTaxExpense": 127000000,
    "netIncome": 199000000,
    "netIncomeRatio": 0.0241299867,
    "eps": 0.2,
    "epsdiluted": 0.2,
    "weightedAverageShsOut": 980000000,
    "weightedAverageShsOutDil": 988000000,
    "link": "https://www.sec.gov/Archives/edgar/data/1108524/000110852423000023/0001108524-23-000023-index.htm",
    "finalLink": "https://www.sec.gov/Archives/edgar/data/1108524/000110852423000023/crm-20230430.htm"
  },
  {
    "date": "2023-01-31",
    "symbol": "CRM",
    "reportedCurrency": "USD",
    "cik": "0001108524",
    "fillingDate": "2023-03-08",
    "acceptedDate": "2023-03-08 16:41:15",
    "calendarYear": "2023",
    "period": "Q4",
    "revenue": 8384000000,
    "costOfRevenue": 2100000000,
    "grossProfit": 6284000000,
    "grossProfitRatio": 0.7495229008,
    "researchAndDevelopmentExpenses": 1128000000,
    "generalAndAdministrativeExpenses": 586000000,
    "sellingAndMarketingExpenses": 3385000000,
    "sellingGeneralAndAdministrativeExpenses": 3971000000,
    "otherExpenses": 0,
    "operatingExpenses": 5099000000,
    "costAndExpenses": 7199000000,
    "interestIncome": 0,
    "interestExpense": 0,
    "depreciationAndAmortization": 1032000000,
    "ebitda": 2217000000,
    "ebitdaratio": 0.2644322519,
    "operatingIncome": 357000000,
    "operatingIncomeRatio": 0.0425811069,
    "totalOtherIncomeExpensesNet": -324000000,
    "incomeBeforeTax": 33000000,
    "incomeBeforeTaxRatio": 0.0039360687,
    "incomeTaxExpense": 131000000,
    "netIncome": -98000000,
    "netIncomeRatio": -0.0116889313,
    "eps": -0.1,
    "epsdiluted": -0.1,
    "weightedAverageShsOut": 984000000,
    "weightedAverageShsOutDil": 984000000,
    "link": "https://www.sec.gov/Archives/edgar/data/1108524/000110852423000011/0001108524-23-000011-index.htm",
    "finalLink": "https://www.sec.gov/Archives/edgar/data/1108524/000110852423000011/crm-20230131.htm"
  },
  {
    "date": "2022-10-31",
    "symbol": "CRM",
    "reportedCurrency": "USD",
    "cik": "0001108524",
    "fillingDate": "2022-12-01",
    "acceptedDate": "2022-11-30 18:11:05",
    "calendarYear": "2023",
    "period": "Q3",
    "revenue": 7837000000,
    "costOfRevenue": 2088000000,
    "grossProfit": 5749000000,
    "grossProfitRatio": 0.7335715197,
    "researchAndDevelopmentExpenses": 1280000000,
    "generalAndAdministrativeExpenses": 664000000,
    "sellingAndMarketingExpenses": 3345000000,
    "sellingGeneralAndAdministrativeExpenses": 4009000000,
    "otherExpenses": 0,
    "operatingExpenses": 5289000000,
    "costAndExpenses": 7377000000,
    "interestIncome": 0,
    "interestExpense": 0,
    "depreciationAndAmortization": 941000000,
    "ebitda": 1401000000,
    "ebitdaratio": 0.1787673855,
    "operatingIncome": 460000000,
    "operatingIncomeRatio": 0.0586959296,
    "totalOtherIncomeExpensesNet": 15000000,
    "incomeBeforeTax": 475000000,
    "incomeBeforeTaxRatio": 0.0606099273,
    "incomeTaxExpense": 265000000,
    "netIncome": 210000000,
    "netIncomeRatio": 0.0267959678,
    "eps": 0.21,
    "epsdiluted": 0.21,
    "weightedAverageShsOut": 997000000,
    "weightedAverageShsOutDil": 1000000000,
    "link": "https://www.sec.gov/Archives/edgar/data/1108524/000110852422000060/0001108524-22-000060-index.htm",
    "finalLink": "https://www.sec.gov/Archives/edgar/data/1108524/000110852422000060/crm-20221031.htm"
  },
  {
    "date": "2022-07-31",
    "symbol": "CRM",
    "reportedCurrency": "USD",
    "cik": "0001108524",
    "fillingDate": "2022-08-25",
    "acceptedDate": "2022-08-25 16:17:51",
    "calendarYear": "2023",
    "period": "Q2",
    "revenue": 7720000000,
    "costOfRevenue": 2127000000,
    "grossProfit": 5593000000,
    "grossProfitRatio": 0.7244818653,
    "researchAndDevelopmentExpenses": 1329000000,
    "generalAndAdministrativeExpenses": 647000000,
    "sellingAndMarketingExpenses": 3424000000,
    "sellingGeneralAndAdministrativeExpenses": 4071000000,
    "otherExpenses": 0,
    "operatingExpenses": 5400000000,
    "costAndExpenses": 7527000000,
    "interestIncome": 0,
    "interestExpense": 0,
    "depreciationAndAmortization": 907000000,
    "ebitda": 1100000000,
    "ebitdaratio": 0.1424870466,
    "operatingIncome": 193000000,
    "operatingIncomeRatio": 0.025,
    "totalOtherIncomeExpensesNet": -12000000,
    "incomeBeforeTax": 181000000,
    "incomeBeforeTaxRatio": 0.0234455959,
    "incomeTaxExpense": 113000000,
    "netIncome": 68000000,
    "netIncomeRatio": 0.0088082902,
    "eps": 0.07,
    "epsdiluted": 0.07,
    "weightedAverageShsOut": 997000000,
    "weightedAverageShsOutDil": 1001000000,
    "link": "https://www.sec.gov/Archives/edgar/data/1108524/000110852422000041/0001108524-22-000041-index.htm",
    "finalLink": "https://www.sec.gov/Archives/edgar/data/1108524/000110852422000041/crm-20220731.htm"
  },
  {
    "date": "2022-04-30",
    "symbol": "CRM",
    "reportedCurrency": "USD",
    "cik": "0001108524",
    "fillingDate": "2022-06-01",
    "acceptedDate": "2022-06-01 16:52:04",
    "calendarYear": "2023",
    "period": "Q1",
    "revenue": 7411000000,
    "costOfRevenue": 2045000000,
    "grossProfit": 5366000000,
    "grossProfitRatio": 0.7240588315,
    "researchAndDevelopmentExpenses": 1318000000,
    "generalAndAdministrativeExpenses": 656000000,
    "sellingAndMarketingExpenses": 3372000000,
    "sellingGeneralAndAdministrativeExpenses": 4028000000,
    "otherExpenses": 0,
    "operatingExpenses": 5346000000,
    "costAndExpenses": 7391000000,
    "interestIncome": 0,
    "interestExpense": 0,
    "depreciationAndAmortization": 906000000,
    "ebitda": 926000000,
    "ebitdaratio": 0.1249493995,
    "operatingIncome": 20000000,
    "operatingIncomeRatio": 0.0026986911,
    "totalOtherIncomeExpensesNet": -49000000,
    "incomeBeforeTax": -29000000,
    "incomeBeforeTaxRatio": -0.0039131021,
    "incomeTaxExpense": -57000000,
    "netIncome": 28000000,
    "netIncomeRatio": 0.0037781676,
    "eps": 0.03,
    "epsdiluted": 0.03,
    "weightedAverageShsOut": 991000000,
    "weightedAverageShsOutDil": 1001000000,
    "link": "https://www.sec.gov/Archives/edgar/data/1108524/000110852422000022/0001108524-22-000022-index.htm",
    "finalLink": "https://www.sec.gov/Archives/edgar/data/1108524/000110852422000022/crm-20220430.htm"
  },
  {
    "date": "2022-01-31",
    "symbol": "CRM",
    "reportedCurrency": "USD",
    "cik": "0001108524",
    "fillingDate": "2022-03-11",
    "acceptedDate": "2022-03-11 08:06:16",
    "calendarYear": "2022",
    "period": "Q4",
    "revenue": 7326000000,
    "costOfRevenue": 2014000000,
    "grossProfit": 5312000000,
    "grossProfitRatio": 0.7250887251,
    "researchAndDevelopmentExpenses": 1291000000,
    "generalAndAdministrativeExpenses": 733000000,
    "sellingAndMarketingExpenses": 3464000000,
    "sellingGeneralAndAdministrativeExpenses": 4197000000,
    "otherExpenses": 0,
    "operatingExpenses": 5488000000,
    "costAndExpenses": 7502000000,
    "interestIncome": 0,
    "interestExpense": 0,
    "depreciationAndAmortization": 931000000,
    "ebitda": 755000000,
    "ebitdaratio": 0.1030576031,
    "operatingIncome": -176000000,
    "operatingIncomeRatio": -0.024024024,
    "totalOtherIncomeExpensesNet": -21000000,
    "incomeBeforeTax": -197000000,
    "incomeBeforeTaxRatio": -0.0268905269,
    "incomeTaxExpense": -169000000,
    "netIncome": -28000000,
    "netIncomeRatio": -0.0038220038,
    "eps": -0.03,
    "epsdiluted": -0.03,
    "weightedAverageShsOut": 985000000,
    "weightedAverageShsOutDil": 986000000,
    "link": "https://www.sec.gov/Archives/edgar/data/1108524/000110852422000013/0001108524-22-000013-index.htm",
    "finalLink": "https://www.sec.gov/Archives/edgar/data/1108524/000110852422000013/crm-20220131.htm"
  },
  {
    "date": "2021-10-31",
    "symbol": "CRM",
    "reportedCurrency": "USD",
    "cik": "0001108524",
    "fillingDate": "2021-12-02",
    "acceptedDate": "2021-12-02 16:16:46",
    "calendarYear": "2022",
    "period": "Q3",
    "revenue": 6863000000,
    "costOfRevenue": 1844000000,
    "grossProfit": 5019000000,
    "grossProfitRatio": 0.731312837,
    "researchAndDevelopmentExpenses": 1203000000,
    "generalAndAdministrativeExpenses": 667000000,
    "sellingAndMarketingExpenses": 3111000000,
    "sellingGeneralAndAdministrativeExpenses": 3778000000,
    "otherExpenses": 0,
    "operatingExpenses": 4981000000,
    "costAndExpenses": 6825000000,
    "interestIncome": 0,
    "interestExpense": 0,
    "depreciationAndAmortization": 963000000,
    "ebitda": 1001000000,
    "ebitdaratio": 0.1458545825,
    "operatingIncome": 38000000,
    "operatingIncomeRatio": 0.0055369372,
    "totalOtherIncomeExpensesNet": 261000000,
    "incomeBeforeTax": 299000000,
    "incomeBeforeTaxRatio": 0.0435669532,
    "incomeTaxExpense": -169000000,
    "netIncome": 468000000,
    "netIncomeRatio": 0.0681917529,
    "eps": 0.48,
    "epsdiluted": 0.47,
    "weightedAverageShsOut": 980000000,
    "weightedAverageShsOutDil": 1001000000,
    "link": "https://www.sec.gov/Archives/edgar/data/1108524/000110852421000055/0001108524-21-000055-index.htm",
    "finalLink": "https://www.sec.gov/Archives/edgar/data/1108524/000110852421000055/crm-20211031.htm"
  },
  {
    "date": "2021-07-31",
    "symbol": "CRM",
    "reportedCurrency": "USD",
    "cik": "0001108524",
    "fillingDate": "2021-08-27",
    "acceptedDate": "2021-08-27 08:09:35",
    "calendarYear": "2022",
    "period": "Q2",
    "revenue": 6340000000,
    "costOfRevenue": 1613000000,
    "grossProfit": 4727000000,
    "grossProfitRatio": 0.7455835962,
    "researchAndDevelopmentExpenses": 1020000000,
    "generalAndAdministrativeExpenses": 639000000,
    "sellingAndMarketingExpenses": 2736000000,
    "sellingGeneralAndAdministrativeExpenses": 3375000000,
    "otherExpenses": 0,
    "operatingExpenses": 4395000000,
    "costAndExpenses": 6008000000,
    "interestIncome": 0,
    "interestExpense": 0,
    "depreciationAndAmortization": 719000000,
    "ebitda": 1051000000,
    "ebitdaratio": 0.1657728707,
    "operatingIncome": 332000000,
    "operatingIncomeRatio": 0.0523659306,
    "totalOtherIncomeExpensesNet": 494000000,
    "incomeBeforeTax": 826000000,
    "incomeBeforeTaxRatio": 0.1302839117,
    "incomeTaxExpense": 291000000,
    "netIncome": 535000000,
    "netIncomeRatio": 0.084384858,
    "eps": 0.57,
    "epsdiluted": 0.56,
    "weightedAverageShsOut": 933000000,
    "weightedAverageShsOutDil": 950000000,
    "link": "https://www.sec.gov/Archives/edgar/data/1108524/000110852421000047/0001108524-21-000047-index.htm",
    "finalLink": "https://www.sec.gov/Archives/edgar/data/1108524/000110852421000047/crm-20210731.htm"
  },
  {
    "date": "2021-04-30",
    "symbol": "CRM",
    "reportedCurrency": "USD",
    "cik": "0001108524",
    "fillingDate": "2021-06-02",
    "acceptedDate": "2021-06-02 08:08:29",
    "calendarYear": "2022",
    "period": "Q1",
    "revenue": 5963000000,
    "costOfRevenue": 1555000000,
    "grossProfit": 4408000000,
    "grossProfitRatio": 0.7392252222,
    "researchAndDevelopmentExpenses": 951000000,
    "generalAndAdministrativeExpenses": 559000000,
    "sellingAndMarketingExpenses": 2544000000,
    "sellingGeneralAndAdministrativeExpenses": 3103000000,
    "otherExpenses": 0,
    "operatingExpenses": 4054000000,
    "costAndExpenses": 5609000000,
    "interestIncome": 0,
    "interestExpense": 0,
    "depreciationAndAmortization": 685000000,
    "ebitda": 1039000000,
    "ebitdaratio": 0.1742411538,
    "operatingIncome": 354000000,
    "operatingIncomeRatio": 0.0593660909,
    "totalOtherIncomeExpensesNet": 250000000,
    "incomeBeforeTax": 604000000,
    "incomeBeforeTaxRatio": 0.1012912963,
    "incomeTaxExpense": 135000000,
    "netIncome": 469000000,
    "netIncomeRatio": 0.0786516854,
    "eps": 0.51,
    "epsdiluted": 0.5,
    "weightedAverageShsOut": 921000000,
    "weightedAverageShsOutDil": 940000000,
    "link": "https://www.sec.gov/Archives/edgar/data/1108524/000110852421000030/0001108524-21-000030-index.htm",
    "finalLink": "https://www.sec.gov/Archives/edgar/data/1108524/000110852421000030/crm-20210430.htm"
  },
  {
    "date": "2021-01-31",
    "symbol": "CRM",
    "reportedCurrency": "USD",
    "cik": "0001108524",
    "fillingDate": "2021-03-17",
    "acceptedDate": "2022-02-24 16:13:45",
    "calendarYear": "2021",
    "period": "Q4",
    "revenue": 5817000000,
    "costOfRevenue": 1479000000,
    "grossProfit": 4338000000,
    "grossProfitRatio": 0.7457452295,
    "researchAndDevelopmentExpenses": 939000000,
    "generalAndAdministrativeExpenses": 574000000,
    "sellingAndMarketingExpenses": 2632000000,
    "sellingGeneralAndAdministrativeExpenses": 3206000000,
    "otherExpenses": 0,
    "operatingExpenses": 4145000000,
    "costAndExpenses": 5624000000,
    "interestIncome": 0,
    "interestExpense": 0,
    "depreciationAndAmortization": 869000000,
    "ebitda": 1062000000,
    "ebitdaratio": 0.1825683342,
    "operatingIncome": 193000000,
    "operatingIncomeRatio": 0.0331786144,
    "totalOtherIncomeExpensesNet": 232000000,
    "incomeBeforeTax": 425000000,
    "incomeBeforeTaxRatio": 0.0730617157,
    "incomeTaxExpense": 158000000,
    "netIncome": 267000000,
    "netIncomeRatio": 0.0458999484,
    "eps": 0.29,
    "epsdiluted": 0.28,
    "weightedAverageShsOut": 916000000,
    "weightedAverageShsOutDil": 939000000,
    "link": "https://www.sec.gov/Archives/edgar/data/1108524/000110852422000008/0001108524-22-000008-index.htm",
    "finalLink": "https://www.sec.gov/Archives/edgar/data/1108524/000110852422000008/crm-20210131.htm"
  },
  {
    "date": "2020-10-31",
    "symbol": "CRM",
    "reportedCurrency": "USD",
    "cik": "0001108524",
    "fillingDate": "2020-12-04",
    "acceptedDate": "2020-12-04 08:43:26",
    "calendarYear": "2021",
    "period": "Q3",
    "revenue": 5419000000,
    "costOfRevenue": 1394000000,
    "grossProfit": 4025000000,
    "grossProfitRatio": 0.7427569662,
    "researchAndDevelopmentExpenses": 902000000,
    "generalAndAdministrativeExpenses": 522000000,
    "sellingAndMarketingExpenses": 2377000000,
    "sellingGeneralAndAdministrativeExpenses": 2899000000,
    "otherExpenses": 0,
    "operatingExpenses": 3801000000,
    "costAndExpenses": 5195000000,
    "interestIncome": 0,
    "interestExpense": 0,
    "depreciationAndAmortization": 670000000,
    "ebitda": 894000000,
    "ebitdaratio": 0.1649750877,
    "operatingIncome": 224000000,
    "operatingIncomeRatio": 0.0413360399,
    "totalOtherIncomeExpensesNet": 1026000000,
    "incomeBeforeTax": 1250000000,
    "incomeBeforeTaxRatio": 0.2306698653,
    "incomeTaxExpense": 169000000,
    "netIncome": 1081000000,
    "netIncomeRatio": 0.1994832995,
    "eps": 1.19,
    "epsdiluted": 1.15,
    "weightedAverageShsOut": 911000000,
    "weightedAverageShsOutDil": 939000000,
    "link": "https://www.sec.gov/Archives/edgar/data/1108524/000110852420000047/0001108524-20-000047-index.htm",
    "finalLink": "https://www.sec.gov/Archives/edgar/data/1108524/000110852420000047/crm-20201031.htm"
  },
  {
    "date": "2020-07-31",
    "symbol": "CRM",
    "reportedCurrency": "USD",
    "cik": "0001108524",
    "fillingDate": "2020-08-28",
    "acceptedDate": "2020-08-28 07:59:20",
    "calendarYear": "2021",
    "period": "Q2",
    "revenue": 5151000000,
    "costOfRevenue": 1311000000,
    "grossProfit": 3840000000,
    "grossProfitRatio": 0.7454863133,
    "researchAndDevelopmentExpenses": 898000000,
    "generalAndAdministrativeExpenses": 489000000,
    "sellingAndMarketingExpenses": 2275000000,
    "sellingGeneralAndAdministrativeExpenses": 2764000000,
    "otherExpenses": 0,
    "operatingExpenses": 3662000000,
    "costAndExpenses": 4973000000,
    "interestIncome": 0,
    "interestExpense": 0,
    "depreciationAndAmortization": 649000000,
    "ebitda": 827000000,
    "ebitdaratio": 0.1605513493,
    "operatingIncome": 178000000,
    "operatingIncomeRatio": 0.0345563968,
    "totalOtherIncomeExpensesNet": 661000000,
    "incomeBeforeTax": 839000000,
    "incomeBeforeTaxRatio": 0.162880994,
    "incomeTaxExpense": -1786000000,
    "netIncome": 2625000000,
    "netIncomeRatio": 0.5096097845,
    "eps": 2.9,
    "epsdiluted": 2.85,
    "weightedAverageShsOut": 904000000,
    "weightedAverageShsOutDil": 922000000,
    "link": "https://www.sec.gov/Archives/edgar/data/1108524/000110852420000041/0001108524-20-000041-index.htm",
    "finalLink": "https://www.sec.gov/Archives/edgar/data/1108524/000110852420000041/crm-20200731.htm"
  },
  {
    "date": "2020-04-30",
    "symbol": "CRM",
    "reportedCurrency": "USD",
    "cik": "0001108524",
    "fillingDate": "2020-06-01",
    "acceptedDate": "2022-02-24 16:11:16",
    "calendarYear": "2021",
    "period": "Q1",
    "revenue": 4865000000,
    "costOfRevenue": 1254000000,
    "grossProfit": 3611000000,
    "grossProfitRatio": 0.7422404933,
    "researchAndDevelopmentExpenses": 859000000,
    "generalAndAdministrativeExpenses": 502000000,
    "sellingAndMarketingExpenses": 2390000000,
    "sellingGeneralAndAdministrativeExpenses": 2892000000,
    "otherExpenses": 0,
    "operatingExpenses": 3751000000,
    "costAndExpenses": 5005000000,
    "interestIncome": 0,
    "interestExpense": 0,
    "depreciationAndAmortization": 658000000,
    "ebitda": 518000000,
    "ebitdaratio": 0.1064748201,
    "operatingIncome": -140000000,
    "operatingIncomeRatio": -0.0287769784,
    "totalOtherIncomeExpensesNet": 187000000,
    "incomeBeforeTax": 47000000,
    "incomeBeforeTaxRatio": 0.0096608428,
    "incomeTaxExpense": -52000000,
    "netIncome": 99000000,
    "netIncomeRatio": 0.0203494347,
    "eps": 0.11,
    "epsdiluted": 0.11,
    "weightedAverageShsOut": 896000000,
    "weightedAverageShsOutDil": 913000000,
    "link": "https://www.sec.gov/Archives/edgar/data/1108524/000110852422000007/0001108524-22-000007-index.htm",
    "finalLink": "https://www.sec.gov/Archives/edgar/data/1108524/000110852422000007/crm-20200430.htm"
  }
]