[
  {
    "date": "2024-12-31",
    "symbol": "MELI",
    "reportedCurrency": "USD",
    "cik": "0001099590",
    "fillingDate": "2025-02-21",
    "acceptedDate": "2025-02-21 16:07:16",
    "calendarYear": "2024",
    "period": "Q4",
    "revenue": 6059000000,
    "costOfRevenue": 3310000000,
    "grossProfit": 2749000000,
    "grossProfitRatio": 0.4537052319,
    "researchAndDevelopmentExpenses": 512000000,
    "generalAndAdministrativeExpenses": 254000000,
    "sellingAndMarketingExpenses": 636000000,
    "sellingGeneralAndAdministrativeExpenses": 1417000000,
    "otherExpenses": 0,
    "operatingExpenses": 1929000000,
    "costAndExpenses": 5239000000,
    "interestIncome": 41000000,
    "interestExpense": 48000000,
    "depreciationAndAmortization": 152000000,
    "ebitda": 963000000,
    "ebitdaratio": 0.1589371183,
    "operatingIncome": 820000000,
    "operatingIncomeRatio": 0.135335864,
    "totalOtherIncomeExpensesNet": -57000000,
    "incomeBeforeTax": 763000000,
    "incomeBeforeTaxRatio": 0.125928371,
    "incomeTaxExpense": 124000000,
    "netIncome": 639000000,
    "netIncomeRatio": 0.1054629477,
    "eps": 12.6,
    "epsdiluted": 12.6,
    "weightedAverageShsOut": 50697400,
    "weightedAverageShsOutDil": 50697384,
    "link": "https://www.sec.gov/Archives/edgar/data/1099590/000109959025000007/0001099590-25-000007-index.htm",
    "finalLink": "https://www.sec.gov/Archives/edgar/data/1099590/000109959025000007/meli-20241231.htm"
  },
  {
    "date": "2024-09-30",
    "symbol": "MELI",
    "reportedCurrency": "USD",
    "cik": "0001099590",
    "fillingDate": "2024-11-07",
    "acceptedDate": "2024-11-07 16:01:08",
    "calendarYear": "2024",
    "period": "Q3",
    "revenue": 5312000000,
    "costOfRevenue": 2873000000,
    "grossProfit": 2439000000,
    "grossProfitRatio": 0.4591490964,
    "researchAndDevelopmentExpenses": 504000000,
    "generalAndAdministrativeExpenses": 305000000,
    "sellingAndMarketingExpenses": 566000000,
    "sellingGeneralAndAdministrativeExpenses": 871000000,
    "otherExpenses": 507000000,
    "operatingExpenses": 1882000000,
    "costAndExpenses": 4755000000,
    "interestIncome": 43000000,
    "interestExpense": 40000000,
    "depreciationAndAmortization": 157000000,
    "ebitda": 717000000,
    "ebitdaratio": 0.1349774096,
    "operatingIncome": 557000000,
    "operatingIncomeRatio": 0.1048569277,
    "totalOtherIncomeExpensesNet": -37000000,
    "incomeBeforeTax": 520000000,
    "incomeBeforeTaxRatio": 0.0978915663,
    "incomeTaxExpense": 123000000,
    "netIncome": 397000000,
    "netIncomeRatio": 0.0747364458,
    "eps": 7.83,
    "epsdiluted": 7.83,
    "weightedAverageShsOut": 50697438,
    "weightedAverageShsOutDil": 50697438,
    "link": "https://www.sec.gov/Archives/edgar/data/1099590/000109959024000042/0001099590-24-000042-index.htm",
    "finalLink": "https://www.sec.gov/Archives/edgar/data/1099590/000109959024000042/meli-20240930.htm"
  },
  {
    "date": "2024-06-30",
    "symbol": "MELI",
    "reportedCurrency": "USD",
    "cik": "0001099590",
    "fillingDate": "2024-08-02",
    "acceptedDate": "2024-08-02 16:01:02",
    "calendarYear": "2024",
    "period": "Q2",
    "revenue": 5073000000,
    "costOfRevenue": 2708000000,
    "grossProfit": 2365000000,
    "grossProfitRatio": 0.4661935738,
    "researchAndDevelopmentExpenses": 460000000,
    "generalAndAdministrativeExpenses": 218000000,
    "sellingAndMarketingExpenses": 511000000,
    "sellingGeneralAndAdministrativeExpenses": 1179000000,
    "otherExpenses": 450000000,
    "operatingExpenses": 1639000000,
    "costAndExpenses": 4347000000,
    "interestIncome": 39000000,
    "interestExpense": 39000000,
    "depreciationAndAmortization": 154000000,
    "ebitda": 880000000,
    "ebitdaratio": 0.1734673763,
    "operatingIncome": 726000000,
    "operatingIncomeRatio": 0.1431105855,
    "totalOtherIncomeExpensesNet": -58000000,
    "incomeBeforeTax": 668000000,
    "incomeBeforeTaxRatio": 0.1316775084,
    "incomeTaxExpense": 137000000,
    "netIncome": 531000000,
    "netIncomeRatio": 0.1046717918,
    "eps": 10.47,
    "epsdiluted": 10.47,
    "weightedAverageShsOut": 50697447,
    "weightedAverageShsOutDil": 50697447,
    "link": "https://www.sec.gov/Archives/edgar/data/1099590/000109959024000026/0001099590-24-000026-index.htm",
    "finalLink": "https://www.sec.gov/Archives/edgar/data/1099590/000109959024000026/meli-20240630.htm"
  },
  {
    "date": "2024-03-31",
    "symbol": "MELI",
    "reportedCurrency": "USD",
    "cik": "0001099590",
    "fillingDate": "2024-05-03",
    "acceptedDate": "2024-05-03 16:01:27",
    "calendarYear": "2024",
    "period": "Q1",
    "revenue": 4333000000,
    "costOfRevenue": 2309000000,
    "grossProfit": 2024000000,
    "grossProfitRatio": 0.4671128548,
    "researchAndDevelopmentExpenses": 458000000,
    "generalAndAdministrativeExpenses": 186000000,
    "sellingAndMarketingExpenses": 478000000,
    "sellingGeneralAndAdministrativeExpenses": 1038000000,
    "otherExpenses": 0,
    "operatingExpenses": 1496000000,
    "costAndExpenses": 3805000000,
    "interestIncome": 25000000,
    "interestExpense": 38000000,
    "depreciationAndAmortization": 154000000,
    "ebitda": 682000000,
    "ebitdaratio": 0.1573967228,
    "operatingIncome": 528000000,
    "operatingIncomeRatio": 0.1218555273,
    "totalOtherIncomeExpensesNet": -47000000,
    "incomeBeforeTax": 481000000,
    "incomeBeforeTaxRatio": 0.1110085391,
    "incomeTaxExpense": 137000000,
    "netIncome": 344000000,
    "netIncomeRatio": 0.0793907224,
    "eps": 6.79,
    "epsdiluted": 6.79,
    "weightedAverageShsOut": 50697442,
    "weightedAverageShsOutDil": 50697442,
    "link": "https://www.sec.gov/Archives/edgar/data/1099590/000109959024000017/0001099590-24-000017-index.htm",
    "finalLink": "https://www.sec.gov/Archives/edgar/data/1099590/000109959024000017/meli-20240331.htm"
  },
  {
    "date": "2023-12-31",
    "symbol": "MELI",
    "reportedCurrency": "USD",
    "cik": "0001099590",
    "fillingDate": "2024-02-23",
    "acceptedDate": "2024-02-23 16:01:42",
    "calendarYear": "2023",
    "period": "Q4",
    "revenue": 4261000000,
    "costOfRevenue": 2306000000,
    "grossProfit": 1955000000,
    "grossProfitRatio": 0.4588124853,
    "researchAndDevelopmentExpenses": 686000000,
    "generalAndAdministrativeExpenses": 201000000,
    "sellingAndMarketingExpenses": 529000000,
    "sellingGeneralAndAdministrativeExpenses": 1029000000,
    "otherExpenses": -252000000,
    "operatingExpenses": 1715000000,
    "costAndExpenses": 4021000000,
    "interestIncome": 178000000,
    "interestExpense": 81000000,
    "depreciationAndAmortization": 15000000,
    "ebitda": 326000000,
    "ebitdaratio": 0.076507862,
    "operatingIncome": 240000000,
    "operatingIncomeRatio": 0.0563248064,
    "totalOtherIncomeExpensesNet": -10000000,
    "incomeBeforeTax": 230000000,
    "incomeBeforeTaxRatio": 0.0539779395,
    "incomeTaxExpense": 65000000,
    "netIncome": 165000000,
    "netIncomeRatio": 0.0387233044,
    "eps": 3.26,
    "epsdiluted": 3.25,
    "weightedAverageShsOut": 50631669,
    "weightedAverageShsOutDil": 50697515,
    "link": "https://www.sec.gov/Archives/edgar/data/1099590/000109959024000008/0001099590-24-000008-index.htm",
    "finalLink": "https://www.sec.gov/Archives/edgar/data/1099590/000109959024000008/meli-20231231.htm"
  },
  {
    "date": "2023-09-30",
    "symbol": "MELI",
    "reportedCurrency": "USD",
    "cik": "0001099590",
    "fillingDate": "2023-11-02",
    "acceptedDate": "2023-11-02 16:21:27",
    "calendarYear": "2023",
    "period": "Q3",
    "revenue": 3760000000,
    "costOfRevenue": 1765000000,
    "grossProfit": 1995000000,
    "grossProfitRatio": 0.5305851064,
    "researchAndDevelopmentExpenses": 396000000,
    "generalAndAdministrativeExpenses": 196000000,
    "sellingAndMarketingExpenses": -441000000,
    "sellingGeneralAndAdministrativeExpenses": 914000000,
    "otherExpenses": 0,
    "operatingExpenses": 1310000000,
    "costAndExpenses": 3075000000,
    "interestIncome": 196000000,
    "interestExpense": 111000000,
    "depreciationAndAmortization": 135000000,
    "ebitda": 820000000,
    "ebitdaratio": 0.2180851064,
    "operatingIncome": 685000000,
    "operatingIncomeRatio": 0.1821808511,
    "totalOtherIncomeExpensesNet": -154000000,
    "incomeBeforeTax": 531000000,
    "incomeBeforeTaxRatio": 0.1412234043,
    "incomeTaxExpense": 172000000,
    "netIncome": 359000000,
    "netIncomeRatio": 0.0954787234,
    "eps": 7.18,
    "epsdiluted": 7.15,
    "weightedAverageShsOut": 50008320,
    "weightedAverageShsOutDil": 50209439,
    "link": "https://www.sec.gov/Archives/edgar/data/1099590/000109959023000033/0001099590-23-000033-index.htm",
    "finalLink": "https://www.sec.gov/Archives/edgar/data/1099590/000109959023000033/meli-20230930.htm"
  },
  {
    "date": "2023-06-30",
    "symbol": "MELI",
    "reportedCurrency": "USD",
    "cik": "0001099590",
    "fillingDate": "2023-08-03",
    "acceptedDate": "2023-08-03 16:07:28",
    "calendarYear": "2023",
    "period": "Q2",
    "revenue": 3415000000,
    "costOfRevenue": 1695000000,
    "grossProfit": 1720000000,
    "grossProfitRatio": 0.5036603221,
    "researchAndDevelopmentExpenses": 368000000,
    "generalAndAdministrativeExpenses": 189000000,
    "sellingAndMarketingExpenses": 383000000,
    "sellingGeneralAndAdministrativeExpenses": 794000000,
    "otherExpenses": 0,
    "operatingExpenses": 1162000000,
    "costAndExpenses": 2857000000,
    "interestIncome": 188000000,
    "interestExpense": 92000000,
    "depreciationAndAmortization": 128000000,
    "ebitda": 686000000,
    "ebitdaratio": 0.2008784773,
    "operatingIncome": 558000000,
    "operatingIncomeRatio": 0.1633967789,
    "totalOtherIncomeExpensesNet": -86000000,
    "incomeBeforeTax": 472000000,
    "incomeBeforeTaxRatio": 0.1382137628,
    "incomeTaxExpense": 210000000,
    "netIncome": 262000000,
    "netIncomeRatio": 0.0767203514,
    "eps": 5.22,
    "epsdiluted": 5.12,
    "weightedAverageShsOut": 50162687,
    "weightedAverageShsOutDil": 51152955,
    "link": "https://www.sec.gov/Archives/edgar/data/1099590/000109959023000020/0001099590-23-000020-index.htm",
    "finalLink": "https://www.sec.gov/Archives/edgar/data/1099590/000109959023000020/meli-20230630.htm"
  },
  {
    "date": "2023-03-31",
    "symbol": "MELI",
    "reportedCurrency": "USD",
    "cik": "0001099590",
    "fillingDate": "2023-05-03",
    "acceptedDate": "2023-05-03 16:01:00",
    "calendarYear": "2023",
    "period": "Q1",
    "revenue": 3037000000,
    "costOfRevenue": 1501000000,
    "grossProfit": 1536000000,
    "grossProfitRatio": 0.5057622654,
    "researchAndDevelopmentExpenses": 381000000,
    "generalAndAdministrativeExpenses": 180000000,
    "sellingAndMarketingExpenses": 383000000,
    "sellingGeneralAndAdministrativeExpenses": 815000000,
    "otherExpenses": 252000000,
    "operatingExpenses": 1196000000,
    "costAndExpenses": 2697000000,
    "interestIncome": 161000000,
    "interestExpense": 94000000,
    "depreciationAndAmortization": 126000000,
    "ebitda": 466000000,
    "ebitdaratio": 0.1534408956,
    "operatingIncome": 340000000,
    "operatingIncomeRatio": 0.1119525848,
    "totalOtherIncomeExpensesNet": -20000000,
    "incomeBeforeTax": 320000000,
    "incomeBeforeTaxRatio": 0.1053671386,
    "incomeTaxExpense": 122000000,
    "netIncome": 201000000,
    "netIncomeRatio": 0.0661837339,
    "eps": 4,
    "epsdiluted": 3.92,
    "weightedAverageShsOut": 50245073,
    "weightedAverageShsOutDil": 51235341,
    "link": "https://www.sec.gov/Archives/edgar/data/1099590/000109959023000013/0001099590-23-000013-index.htm",
    "finalLink": "https://www.sec.gov/Archives/edgar/data/1099590/000109959023000013/meli-20230331.htm"
  },
  {
    "date": "2022-12-31",
    "symbol": "MELI",
    "reportedCurrency": "USD",
    "cik": "0001099590",
    "fillingDate": "2023-02-24",
    "acceptedDate": "2023-02-24 16:02:21",
    "calendarYear": "2022",
    "period": "Q4",
    "revenue": 3002000000,
    "costOfRevenue": 1544000000,
    "grossProfit": 1458000000,
    "grossProfitRatio": 0.4856762159,
    "researchAndDevelopmentExpenses": 325000000,
    "generalAndAdministrativeExpenses": 176000000,
    "sellingAndMarketingExpenses": 380000000,
    "sellingGeneralAndAdministrativeExpenses": 783000000,
    "otherExpenses": 228000000,
    "operatingExpenses": 1108000000,
    "costAndExpenses": 2652000000,
    "interestIncome": 123000000,
    "interestExpense": 100000000,
    "depreciationAndAmortization": 28000000,
    "ebitda": 436000000,
    "ebitdaratio": 0.145236509,
    "operatingIncome": 472000000,
    "operatingIncomeRatio": 0.1572285143,
    "totalOtherIncomeExpensesNet": -41000000,
    "incomeBeforeTax": 308000000,
    "incomeBeforeTaxRatio": 0.1025982678,
    "incomeTaxExpense": 144000000,
    "netIncome": 165000000,
    "netIncomeRatio": 0.0549633578,
    "eps": 3.28,
    "epsdiluted": 3.22,
    "weightedAverageShsOut": 50284640,
    "weightedAverageShsOutDil": 51274909,
    "link": "https://www.sec.gov/Archives/edgar/data/1099590/000109959023000007/0001099590-23-000007-index.htm",
    "finalLink": "https://www.sec.gov/Archives/edgar/data/1099590/000109959023000007/meli-20221231.htm"
  },
  {
    "date": "2022-09-30",
    "symbol": "MELI",
    "reportedCurrency": "USD",
    "cik": "0001099590",
    "fillingDate": "2022-11-04",
    "acceptedDate": "2022-11-04 16:13:40",
    "calendarYear": "2022",
    "period": "Q3",
    "revenue": 2690000000,
    "costOfRevenue": 1342000000,
    "grossProfit": 1348000000,
    "grossProfitRatio": 0.5011152416,
    "researchAndDevelopmentExpenses": 278000000,
    "generalAndAdministrativeExpenses": 153000000,
    "sellingAndMarketingExpenses": 333000000,
    "sellingGeneralAndAdministrativeExpenses": 774000000,
    "otherExpenses": 288000000,
    "operatingExpenses": 1052000000,
    "costAndExpenses": 2394000000,
    "interestIncome": 65000000,
    "interestExpense": 92000000,
    "depreciationAndAmortization": 97000000,
    "ebitda": 393000000,
    "ebitdaratio": 0.1460966543,
    "operatingIncome": 296000000,
    "operatingIncomeRatio": 0.1100371747,
    "totalOtherIncomeExpensesNet": -98000000,
    "incomeBeforeTax": 198000000,
    "incomeBeforeTaxRatio": 0.073605948,
    "incomeTaxExpense": 69000000,
    "netIncome": 129000000,
    "netIncomeRatio": 0.0479553903,
    "eps": 2.56,
    "epsdiluted": 2.51,
    "weightedAverageShsOut": 50325075,
    "weightedAverageShsOutDil": 51315343,
    "link": "https://www.sec.gov/Archives/edgar/data/1099590/000156276222000430/0001562762-22-000430-index.htm",
    "finalLink": "https://www.sec.gov/Archives/edgar/data/1099590/000156276222000430/meli-20220930x10q.htm"
  },
  {
    "date": "2022-06-30",
    "symbol": "MELI",
    "reportedCurrency": "USD",
    "cik": "0001099590",
    "fillingDate": "2022-08-04",
    "acceptedDate": "2022-08-04 16:02:16",
    "calendarYear": "2022",
    "period": "Q2",
    "revenue": 2597000000,
    "costOfRevenue": 1313000000,
    "grossProfit": 1284000000,
    "grossProfitRatio": 0.4944166346,
    "researchAndDevelopmentExpenses": 262000000,
    "generalAndAdministrativeExpenses": 173000000,
    "sellingAndMarketingExpenses": 296000000,
    "sellingGeneralAndAdministrativeExpenses": 772000000,
    "otherExpenses": 303000000,
    "operatingExpenses": 1034000000,
    "costAndExpenses": 2347000000,
    "interestIncome": 46000000,
    "interestExpense": 73000000,
    "depreciationAndAmortization": 100000000,
    "ebitda": 350000000,
    "ebitdaratio": 0.1347708895,
    "operatingIncome": 250000000,
    "operatingIncomeRatio": 0.0962649211,
    "totalOtherIncomeExpensesNet": -87000000,
    "incomeBeforeTax": 163000000,
    "incomeBeforeTaxRatio": 0.0627647285,
    "incomeTaxExpense": 39000000,
    "netIncome": 123000000,
    "netIncomeRatio": 0.0473623412,
    "eps": 2.44,
    "epsdiluted": 2.44,
    "weightedAverageShsOut": 50364529,
    "weightedAverageShsOutDil": 50364529,
    "link": "https://www.sec.gov/Archives/edgar/data/1099590/000156276222000334/0001562762-22-000334-index.htm",
    "finalLink": "https://www.sec.gov/Archives/edgar/data/1099590/000156276222000334/meli-20220630x10q.htm"
  },
  {
    "date": "2022-03-31",
    "symbol": "MELI",
    "reportedCurrency": "USD",
    "cik": "0001099590",
    "fillingDate": "2022-05-06",
    "acceptedDate": "2022-05-06 16:01:22",
    "calendarYear": "2022",
    "period": "Q1",
    "revenue": 2248000000,
    "costOfRevenue": 1175000000,
    "grossProfit": 1073000000,
    "grossProfitRatio": 0.4773131673,
    "researchAndDevelopmentExpenses": 234000000,
    "generalAndAdministrativeExpenses": 159000000,
    "sellingAndMarketingExpenses": 541000000,
    "sellingGeneralAndAdministrativeExpenses": 700000000,
    "otherExpenses": 0,
    "operatingExpenses": 934000000,
    "costAndExpenses": 2109000000,
    "interestIncome": 31000000,
    "interestExpense": 56000000,
    "depreciationAndAmortization": 84000000,
    "ebitda": 225000000,
    "ebitdaratio": 0.100088968,
    "operatingIncome": 139000000,
    "operatingIncomeRatio": 0.0618327402,
    "totalOtherIncomeExpensesNet": -28000000,
    "incomeBeforeTax": 111000000,
    "incomeBeforeTaxRatio": 0.0493772242,
    "incomeTaxExpense": 46000000,
    "netIncome": 65000000,
    "netIncomeRatio": 0.0289145907,
    "eps": 1.29,
    "epsdiluted": 1.29,
    "weightedAverageShsOut": 50408754,
    "weightedAverageShsOutDil": 50408754,
    "link": "https://www.sec.gov/Archives/edgar/data/1099590/000156276222000223/0001562762-22-000223-index.htm",
    "finalLink": "https://www.sec.gov/Archives/edgar/data/1099590/000156276222000223/meli-20220331x10q.htm"
  },
  {
    "date": "2021-12-31",
    "symbol": "MELI",
    "reportedCurrency": "USD",
    "cik": "0001099590",
    "fillingDate": "2022-02-23",
    "acceptedDate": "2022-02-23 16:02:19",
    "calendarYear": "2021",
    "period": "Q4",
    "revenue": 2130766000,
    "costOfRevenue": 1277601000,
    "grossProfit": 853165000,
    "grossProfitRatio": 0.4004029537,
    "researchAndDevelopmentExpenses": 179637000,
    "generalAndAdministrativeExpenses": 147508000,
    "sellingAndMarketingExpenses": 502704000,
    "sellingGeneralAndAdministrativeExpenses": 650212000,
    "otherExpenses": 0,
    "operatingExpenses": 829849000,
    "costAndExpenses": 2107450000,
    "interestIncome": 53374000,
    "interestExpense": 53678000,
    "depreciationAndAmortization": 67200000,
    "ebitda": 86939000,
    "ebitdaratio": 0.0408017586,
    "operatingIncome": 23316000,
    "operatingIncomeRatio": 0.0109425437,
    "totalOtherIncomeExpensesNet": -57255000,
    "incomeBeforeTax": -33939000,
    "incomeBeforeTaxRatio": -0.0159280747,
    "incomeTaxExpense": 3643000,
    "netIncome": -46104000,
    "netIncomeRatio": -0.0216372891,
    "eps": -0.93,
    "epsdiluted": -0.92,
    "weightedAverageShsOut": 49701252,
    "weightedAverageShsOutDil": 49926533,
    "link": "https://www.sec.gov/Archives/edgar/data/1099590/000156276222000049/0001562762-22-000049-index.htm",
    "finalLink": "https://www.sec.gov/Archives/edgar/data/1099590/000156276222000049/meli-20211231x10k.htm"
  },
  {
    "date": "2021-09-30",
    "symbol": "MELI",
    "reportedCurrency": "USD",
    "cik": "0001099590",
    "fillingDate": "2021-11-05",
    "acceptedDate": "2021-11-05 16:02:05",
    "calendarYear": "2021",
    "period": "Q3",
    "revenue": 1857452000,
    "costOfRevenue": 1050862000,
    "grossProfit": 806590000,
    "grossProfitRatio": 0.4342454071,
    "researchAndDevelopmentExpenses": 137671000,
    "generalAndAdministrativeExpenses": 123018000,
    "sellingAndMarketingExpenses": 385523000,
    "sellingGeneralAndAdministrativeExpenses": 508541000,
    "otherExpenses": 0,
    "operatingExpenses": 646212000,
    "costAndExpenses": 1697074000,
    "interestIncome": 35352000,
    "interestExpense": 44395000,
    "depreciationAndAmortization": 52236000,
    "ebitda": 222764000,
    "ebitdaratio": 0.1199298824,
    "operatingIncome": 160378000,
    "operatingIncomeRatio": 0.0863430118,
    "totalOtherIncomeExpensesNet": -33867000,
    "incomeBeforeTax": 126133000,
    "incomeBeforeTaxRatio": 0.0679064654,
    "incomeTaxExpense": 30908000,
    "netIncome": 95000000,
    "netIncomeRatio": 0.0511453324,
    "eps": 1.92,
    "epsdiluted": 1.92,
    "weightedAverageShsOut": 49597157,
    "weightedAverageShsOutDil": 49597157,
    "link": "https://www.sec.gov/Archives/edgar/data/1099590/000156276221000420/0001562762-21-000420-index.htm",
    "finalLink": "https://www.sec.gov/Archives/edgar/data/1099590/000156276221000420/meli-20210930x10q.htm"
  },
  {
    "date": "2021-06-30",
    "symbol": "MELI",
    "reportedCurrency": "USD",
    "cik": "0001099590",
    "fillingDate": "2021-08-05",
    "acceptedDate": "2021-08-05 16:57:01",
    "calendarYear": "2021",
    "period": "Q2",
    "revenue": 1702750000,
    "costOfRevenue": 948830000,
    "grossProfit": 753920000,
    "grossProfitRatio": 0.4427661136,
    "researchAndDevelopmentExpenses": 146985000,
    "generalAndAdministrativeExpenses": 107663000,
    "sellingAndMarketingExpenses": 333107000,
    "sellingGeneralAndAdministrativeExpenses": 440770000,
    "otherExpenses": 0,
    "operatingExpenses": 587755000,
    "costAndExpenses": 1536585000,
    "interestIncome": 24165000,
    "interestExpense": 39342000,
    "depreciationAndAmortization": 46109000,
    "ebitda": 224348000,
    "ebitdaratio": 0.1317562766,
    "operatingIncome": 166165000,
    "operatingIncomeRatio": 0.0975862575,
    "totalOtherIncomeExpensesNet": -27268000,
    "incomeBeforeTax": 138897000,
    "incomeBeforeTaxRatio": 0.0815721627,
    "incomeTaxExpense": 70702000,
    "netIncome": 68000000,
    "netIncomeRatio": 0.0399353986,
    "eps": 1.37,
    "epsdiluted": 1.37,
    "weightedAverageShsOut": 49822272,
    "weightedAverageShsOutDil": 49822272,
    "link": "https://www.sec.gov/Archives/edgar/data/1099590/000156276221000313/0001562762-21-000313-index.htm",
    "finalLink": "https://www.sec.gov/Archives/edgar/data/1099590/000156276221000313/meli-20210630x10q.htm"
  },
  {
    "date": "2021-03-31",
    "symbol": "MELI",
    "reportedCurrency": "USD",
    "cik": "0001099590",
    "fillingDate": "2021-05-06",
    "acceptedDate": "2021-05-06 16:23:50",
    "calendarYear": "2021",
    "period": "Q1",
    "revenue": 1378441000,
    "costOfRevenue": 787064000,
    "grossProfit": 591377000,
    "grossProfitRatio": 0.4290187248,
    "researchAndDevelopmentExpenses": 126035000,
    "generalAndAdministrativeExpenses": 86339000,
    "sellingAndMarketingExpenses": 288159000,
    "sellingGeneralAndAdministrativeExpenses": 374498000,
    "otherExpenses": 0,
    "operatingExpenses": 500533000,
    "costAndExpenses": 1287597000,
    "interestIncome": 25071000,
    "interestExpense": 91289000,
    "depreciationAndAmortization": 38416000,
    "ebitda": 139242000,
    "ebitdaratio": 0.1010141167,
    "operatingIncome": 90844000,
    "operatingIncomeRatio": 0.0659034373,
    "totalOtherIncomeExpensesNet": -81307000,
    "incomeBeforeTax": 9537000,
    "incomeBeforeTaxRatio": 0.0069186857,
    "incomeTaxExpense": 43549000,
    "netIncome": -34012000,
    "netIncomeRatio": -0.0246742516,
    "eps": -0.68,
    "epsdiluted": -0.68,
    "weightedAverageShsOut": 49867625,
    "weightedAverageShsOutDil": 49867625,
    "link": "https://www.sec.gov/Archives/edgar/data/1099590/000156276221000200/0001562762-21-000200-index.htm",
    "finalLink": "https://www.sec.gov/Archives/edgar/data/1099590/000156276221000200/meli-20210331x10q.htm"
  },
  {
    "date": "2020-12-31",
    "symbol": "MELI",
    "reportedCurrency": "USD",
    "cik": "0001099590",
    "fillingDate": "2021-03-01",
    "acceptedDate": "2021-03-01 16:26:47",
    "calendarYear": "2020",
    "period": "Q4",
    "revenue": 1327304000,
    "costOfRevenue": 838270000,
    "grossProfit": 489034000,
    "grossProfitRatio": 0.3684415929,
    "researchAndDevelopmentExpenses": 116989000,
    "generalAndAdministrativeExpenses": 114821000,
    "sellingAndMarketingExpenses": 282350000,
    "sellingGeneralAndAdministrativeExpenses": 397171000,
    "otherExpenses": 0,
    "operatingExpenses": 514160000,
    "costAndExpenses": 1352430000,
    "interestIncome": 22648000,
    "interestExpense": 31607000,
    "depreciationAndAmortization": 32556000,
    "ebitda": 20148000,
    "ebitdaratio": 0.0151796423,
    "operatingIncome": -25126000,
    "operatingIncomeRatio": -0.0189301019,
    "totalOtherIncomeExpensesNet": -18889000,
    "incomeBeforeTax": -44015000,
    "incomeBeforeTaxRatio": -0.033161205,
    "incomeTaxExpense": 6565000,
    "netIncome": -50580000,
    "netIncomeRatio": -0.0381073213,
    "eps": -1.02,
    "epsdiluted": -1.02,
    "weightedAverageShsOut": 49820185,
    "weightedAverageShsOutDil": 49820185,
    "link": "https://www.sec.gov/Archives/edgar/data/1099590/000156276221000079/0001562762-21-000079-index.htm",
    "finalLink": "https://www.sec.gov/Archives/edgar/data/1099590/000156276221000079/meli-20201231x10k.htm"
  },
  {
    "date": "2020-09-30",
    "symbol": "MELI",
    "reportedCurrency": "USD",
    "cik": "0001099590",
    "fillingDate": "2020-11-05",
    "acceptedDate": "2020-11-05 16:01:39",
    "calendarYear": "2020",
    "period": "Q3",
    "revenue": 1115701000,
    "costOfRevenue": 635511000,
    "grossProfit": 480190000,
    "grossProfitRatio": 0.4303930892,
    "researchAndDevelopmentExpenses": 88796000,
    "generalAndAdministrativeExpenses": 78699000,
    "sellingAndMarketingExpenses": 229621000,
    "sellingGeneralAndAdministrativeExpenses": 308320000,
    "otherExpenses": 0,
    "operatingExpenses": 397116000,
    "costAndExpenses": 1032627000,
    "interestIncome": 24553000,
    "interestExpense": 24522000,
    "depreciationAndAmortization": 28234000,
    "ebitda": 111308000,
    "ebitdaratio": 0.0997650804,
    "operatingIncome": 83074000,
    "operatingIncomeRatio": 0.0744590172,
    "totalOtherIncomeExpensesNet": -30404000,
    "incomeBeforeTax": 52670000,
    "incomeBeforeTaxRatio": 0.0472079885,
    "incomeTaxExpense": 37635000,
    "netIncome": 14107000,
    "netIncomeRatio": 0.0126440686,
    "eps": 0.3,
    "epsdiluted": 0.3,
    "weightedAverageShsOut": 49720852,
    "weightedAverageShsOutDil": 49720852,
    "link": "https://www.sec.gov/Archives/edgar/data/1099590/000156276220000390/0001562762-20-000390-index.htm",
    "finalLink": "https://www.sec.gov/Archives/edgar/data/1099590/000156276220000390/meli-20200930x10q.htm"
  },
  {
    "date": "2020-06-30",
    "symbol": "MELI",
    "reportedCurrency": "USD",
    "cik": "0001099590",
    "fillingDate": "2020-08-10",
    "acceptedDate": "2020-08-10 08:27:28",
    "calendarYear": "2020",
    "period": "Q2",
    "revenue": 878369000,
    "costOfRevenue": 451197000,
    "grossProfit": 427172000,
    "grossProfitRatio": 0.4863240848,
    "researchAndDevelopmentExpenses": 73254000,
    "generalAndAdministrativeExpenses": 70404000,
    "sellingAndMarketingExpenses": 184076000,
    "sellingGeneralAndAdministrativeExpenses": 254480000,
    "otherExpenses": 0,
    "operatingExpenses": 327734000,
    "costAndExpenses": 778931000,
    "interestIncome": 18782000,
    "interestExpense": 26977000,
    "depreciationAndAmortization": 22652000,
    "ebitda": 122090000,
    "ebitdaratio": 0.1389962533,
    "operatingIncome": 99438000,
    "operatingIncomeRatio": 0.1132075472,
    "totalOtherIncomeExpensesNet": -10098000,
    "incomeBeforeTax": 89340000,
    "incomeBeforeTaxRatio": 0.1017112398,
    "incomeTaxExpense": 33393000,
    "netIncome": 54947000,
    "netIncomeRatio": 0.0625557141,
    "eps": 1.13,
    "epsdiluted": 1.13,
    "weightedAverageShsOut": 49709973,
    "weightedAverageShsOutDil": 49709973,
    "link": "https://www.sec.gov/Archives/edgar/data/1099590/000156276220000324/0001562762-20-000324-index.htm",
    "finalLink": "https://www.sec.gov/Archives/edgar/data/1099590/000156276220000324/meli-20200630x10q.htm"
  },
  {
    "date": "2020-03-31",
    "symbol": "MELI",
    "reportedCurrency": "USD",
    "cik": "0001099590",
    "fillingDate": "2020-05-06",
    "acceptedDate": "2020-05-06 16:04:16",
    "calendarYear": "2020",
    "period": "Q1",
    "revenue": 652091000,
    "costOfRevenue": 339277000,
    "grossProfit": 312814000,
    "grossProfitRatio": 0.4797091204,
    "researchAndDevelopmentExpenses": 73435000,
    "generalAndAdministrativeExpenses": 62566000,
    "sellingAndMarketingExpenses": 206507000,
    "sellingGeneralAndAdministrativeExpenses": 269073000,
    "otherExpenses": 0,
    "operatingExpenses": 342508000,
    "costAndExpenses": 681785000,
    "interestIncome": 36784000,
    "interestExpense": 23584000,
    "depreciationAndAmortization": 21550000,
    "ebitda": 28454000,
    "ebitdaratio": 0.0436350141,
    "operatingIncome": -29694000,
    "operatingIncomeRatio": -0.0455365892,
    "totalOtherIncomeExpensesNet": 13014000,
    "incomeBeforeTax": -16680000,
    "incomeBeforeTaxRatio": -0.025579252,
    "incomeTaxExpense": 4429000,
    "netIncome": -21109000,
    "netIncomeRatio": -0.0323712488,
    "eps": -0.42,
    "epsdiluted": -0.42,
    "weightedAverageShsOut": 49709953,
    "weightedAverageShsOutDil": 49709953,
    "link": "https://www.sec.gov/Archives/edgar/data/1099590/000156276220000170/0001562762-20-000170-index.htm",
    "finalLink": "https://www.sec.gov/Archives/edgar/data/1099590/000156276220000170/meli-20200331x10q.htm"
  }
]