[
  {
    "date": "2024-12-31",
    "symbol": "MELI",
    "reportedCurrency": "USD",
    "cik": "0001099590",
    "fillingDate": "2025-02-21",
    "acceptedDate": "2025-02-21 16:07:16",
    "calendarYear": "2024",
    "period": "FY",
    "revenue": 20777000000,
    "costOfRevenue": 11200000000,
    "grossProfit": 9577000000,
    "grossProfitRatio": 0.4609423882,
    "researchAndDevelopmentExpenses": 1934000000,
    "generalAndAdministrativeExpenses": 963000000,
    "sellingAndMarketingExpenses": 2191000000,
    "sellingGeneralAndAdministrativeExpenses": 3154000000,
    "otherExpenses": 1858000000,
    "operatingExpenses": 6946000000,
    "costAndExpenses": 18146000000,
    "interestIncome": 148000000,
    "interestExpense": 165000000,
    "depreciationAndAmortization": 617000000,
    "ebitda": 3248000000,
    "ebitdaratio": 0.1563267074,
    "operatingIncome": 2631000000,
    "operatingIncomeRatio": 0.1266304086,
    "totalOtherIncomeExpensesNet": -199000000,
    "incomeBeforeTax": 2432000000,
    "incomeBeforeTaxRatio": 0.11705251,
    "incomeTaxExpense": 521000000,
    "netIncome": 1911000000,
    "netIncomeRatio": 0.091976705,
    "eps": 37.69,
    "epsdiluted": 37.69,
    "weightedAverageShsOut": 50697428,
    "weightedAverageShsOutDil": 50697428,
    "link": "https://www.sec.gov/Archives/edgar/data/1099590/000109959025000007/0001099590-25-000007-index.htm",
    "finalLink": "https://www.sec.gov/Archives/edgar/data/1099590/000109959025000007/meli-20241231.htm"
  },
  {
    "date": "2023-12-31",
    "symbol": "MELI",
    "reportedCurrency": "USD",
    "cik": "0001099590",
    "fillingDate": "2024-02-23",
    "acceptedDate": "2024-02-23 16:01:42",
    "calendarYear": "2023",
    "period": "FY",
    "revenue": 14473000000,
    "costOfRevenue": 7267000000,
    "grossProfit": 7206000000,
    "grossProfitRatio": 0.4978926277,
    "researchAndDevelopmentExpenses": 1831000000,
    "generalAndAdministrativeExpenses": 766000000,
    "sellingAndMarketingExpenses": 1736000000,
    "sellingGeneralAndAdministrativeExpenses": 3551000000,
    "otherExpenses": 1000000,
    "operatingExpenses": 5383000000,
    "costAndExpenses": 12650000000,
    "interestIncome": 723000000,
    "interestExpense": 331000000,
    "depreciationAndAmortization": 524000000,
    "ebitda": 2288000000,
    "ebitdaratio": 0.1580874732,
    "operatingIncome": 1823000000,
    "operatingIncomeRatio": 0.1259586817,
    "totalOtherIncomeExpensesNet": -270000000,
    "incomeBeforeTax": 1553000000,
    "incomeBeforeTaxRatio": 0.1073032543,
    "incomeTaxExpense": 569000000,
    "netIncome": 987000000,
    "netIncomeRatio": 0.0681959511,
    "eps": 19.64,
    "epsdiluted": 19.35,
    "weightedAverageShsOut": 50262302,
    "weightedAverageShsOutDil": 51006860,
    "link": "https://www.sec.gov/Archives/edgar/data/1099590/000109959024000008/0001099590-24-000008-index.htm",
    "finalLink": "https://www.sec.gov/Archives/edgar/data/1099590/000109959024000008/meli-20231231.htm"
  },
  {
    "date": "2022-12-31",
    "symbol": "MELI",
    "reportedCurrency": "USD",
    "cik": "0001099590",
    "fillingDate": "2023-02-24",
    "acceptedDate": "2023-02-24 16:02:21",
    "calendarYear": "2022",
    "period": "FY",
    "revenue": 10537000000,
    "costOfRevenue": 5374000000,
    "grossProfit": 5163000000,
    "grossProfitRatio": 0.4899876625,
    "researchAndDevelopmentExpenses": 1099000000,
    "generalAndAdministrativeExpenses": 661000000,
    "sellingAndMarketingExpenses": 1296000000,
    "sellingGeneralAndAdministrativeExpenses": 1957000000,
    "otherExpenses": 1073000000,
    "operatingExpenses": 4129000000,
    "costAndExpenses": 9503000000,
    "interestIncome": 265000000,
    "interestExpense": 321000000,
    "depreciationAndAmortization": 309000000,
    "ebitda": 1361000000,
    "ebitdaratio": 0.1291638986,
    "operatingIncome": 1034000000,
    "operatingIncomeRatio": 0.0981303976,
    "totalOtherIncomeExpensesNet": -254000000,
    "incomeBeforeTax": 780000000,
    "incomeBeforeTaxRatio": 0.0740248648,
    "incomeTaxExpense": 298000000,
    "netIncome": 482000000,
    "netIncomeRatio": 0.0457435703,
    "eps": 9.57,
    "epsdiluted": 9.39,
    "weightedAverageShsOut": 50345353,
    "weightedAverageShsOutDil": 51335621,
    "link": "https://www.sec.gov/Archives/edgar/data/1099590/000109959023000007/0001099590-23-000007-index.htm",
    "finalLink": "https://www.sec.gov/Archives/edgar/data/1099590/000109959023000007/meli-20221231.htm"
  },
  {
    "date": "2021-12-31",
    "symbol": "MELI",
    "reportedCurrency": "USD",
    "cik": "0001099590",
    "fillingDate": "2022-02-23",
    "acceptedDate": "2022-02-23 16:02:19",
    "calendarYear": "2021",
    "period": "FY",
    "revenue": 7069409000,
    "costOfRevenue": 4064357000,
    "grossProfit": 3005052000,
    "grossProfitRatio": 0.4250782491,
    "researchAndDevelopmentExpenses": 590328000,
    "generalAndAdministrativeExpenses": 464528000,
    "sellingAndMarketingExpenses": 1509493000,
    "sellingGeneralAndAdministrativeExpenses": 1974021000,
    "otherExpenses": 0,
    "operatingExpenses": 2564349000,
    "costAndExpenses": 6628706000,
    "interestIncome": 137962000,
    "interestExpense": 228704000,
    "depreciationAndAmortization": 144944000,
    "ebitda": 614276000,
    "ebitdaratio": 0.0868921292,
    "operatingIncome": 440703000,
    "operatingIncomeRatio": 0.0623394403,
    "totalOtherIncomeExpensesNet": -200372000,
    "incomeBeforeTax": 240628000,
    "incomeBeforeTaxRatio": 0.0340379231,
    "incomeTaxExpense": 148802000,
    "netIncome": 83000000,
    "netIncomeRatio": 0.0117407268,
    "eps": 1.67,
    "epsdiluted": 1.67,
    "weightedAverageShsOut": 49802993,
    "weightedAverageShsOutDil": 49802993,
    "link": "https://www.sec.gov/Archives/edgar/data/1099590/000156276222000049/0001562762-22-000049-index.htm",
    "finalLink": "https://www.sec.gov/Archives/edgar/data/1099590/000156276222000049/meli-20211231x10k.htm"
  },
  {
    "date": "2020-12-31",
    "symbol": "MELI",
    "reportedCurrency": "USD",
    "cik": "0001099590",
    "fillingDate": "2021-03-01",
    "acceptedDate": "2021-03-01 16:26:47",
    "calendarYear": "2020",
    "period": "FY",
    "revenue": 3973465000,
    "costOfRevenue": 2264255000,
    "grossProfit": 1709210000,
    "grossProfitRatio": 0.4301560477,
    "researchAndDevelopmentExpenses": 352474000,
    "generalAndAdministrativeExpenses": 326490000,
    "sellingAndMarketingExpenses": 902554000,
    "sellingGeneralAndAdministrativeExpenses": 1229044000,
    "otherExpenses": 0,
    "operatingExpenses": 1581518000,
    "costAndExpenses": 3845773000,
    "interestIncome": 102767000,
    "interestExpense": 106690000,
    "depreciationAndAmortization": 81296000,
    "ebitda": 269301000,
    "ebitdaratio": 0.0677748514,
    "operatingIncome": 230459000,
    "operatingIncomeRatio": 0.0579995042,
    "totalOtherIncomeExpensesNet": -47000000,
    "incomeBeforeTax": 81315000,
    "incomeBeforeTaxRatio": 0.0204645064,
    "incomeTaxExpense": 82022000,
    "netIncome": -707000,
    "netIncomeRatio": -0.0001779303,
    "eps": -0.0142,
    "epsdiluted": -0.0142,
    "weightedAverageShsOut": 49740407,
    "weightedAverageShsOutDil": 49740407,
    "link": "https://www.sec.gov/Archives/edgar/data/1099590/000156276221000079/0001562762-21-000079-index.htm",
    "finalLink": "https://www.sec.gov/Archives/edgar/data/1099590/000156276221000079/meli-20201231x10k.htm"
  },
  {
    "date": "2019-12-31",
    "symbol": "MELI",
    "reportedCurrency": "USD",
    "cik": "0001099590",
    "fillingDate": "2020-02-14",
    "acceptedDate": "2020-02-14 17:14:03",
    "calendarYear": "2019",
    "period": "FY",
    "revenue": 2296314000,
    "costOfRevenue": 1194191000,
    "grossProfit": 1102123000,
    "grossProfitRatio": 0.47995309,
    "researchAndDevelopmentExpenses": 223807000,
    "generalAndAdministrativeExpenses": 197455000,
    "sellingAndMarketingExpenses": 834022000,
    "sellingGeneralAndAdministrativeExpenses": 1031477000,
    "otherExpenses": 0,
    "operatingExpenses": 1255284000,
    "costAndExpenses": 2449475000,
    "interestIncome": 113523000,
    "interestExpense": 65876000,
    "depreciationAndAmortization": 59386000,
    "ebitda": 18016000,
    "ebitdaratio": 0.0078456169,
    "operatingIncome": -39638000,
    "operatingIncomeRatio": -0.0172615766,
    "totalOtherIncomeExpensesNet": 45915000,
    "incomeBeforeTax": -107246000,
    "incomeBeforeTaxRatio": -0.0467035432,
    "incomeTaxExpense": 64753000,
    "netIncome": -171999000,
    "netIncomeRatio": -0.0749022129,
    "eps": -3.53,
    "epsdiluted": -3.53,
    "weightedAverageShsOut": 48692906,
    "weightedAverageShsOutDil": 48692906,
    "link": "https://www.sec.gov/Archives/edgar/data/1099590/000156276220000055/0001562762-20-000055-index.htm",
    "finalLink": "https://www.sec.gov/Archives/edgar/data/1099590/000156276220000055/meli-20191231x10k.htm"
  },
  {
    "date": "2018-12-31",
    "symbol": "MELI",
    "reportedCurrency": "USD",
    "cik": "0001099590",
    "fillingDate": "2019-02-28",
    "acceptedDate": "2019-02-28 09:18:56",
    "calendarYear": "2018",
    "period": "FY",
    "revenue": 1439653000,
    "costOfRevenue": 742645000,
    "grossProfit": 697008000,
    "grossProfitRatio": 0.48415,
    "researchAndDevelopmentExpenses": 146273000,
    "generalAndAdministrativeExpenses": 137770000,
    "sellingAndMarketingExpenses": 482447000,
    "sellingGeneralAndAdministrativeExpenses": 620217000,
    "otherExpenses": 0,
    "operatingExpenses": 766490000,
    "costAndExpenses": 1509135000,
    "interestIncome": 42039000,
    "interestExpense": 56249000,
    "depreciationAndAmortization": 45792000,
    "ebitda": 36589000,
    "ebitdaratio": 0.0254151521,
    "operatingIncome": -69482000,
    "operatingIncomeRatio": -0.0482630189,
    "totalOtherIncomeExpensesNet": 4030000,
    "incomeBeforeTax": -65452000,
    "incomeBeforeTaxRatio": -0.0454637333,
    "incomeTaxExpense": -28867000,
    "netIncome": -36585000,
    "netIncomeRatio": -0.0254123737,
    "eps": -0.82,
    "epsdiluted": -0.82,
    "weightedAverageShsOut": 44529612,
    "weightedAverageShsOutDil": 44529612,
    "link": "https://www.sec.gov/Archives/edgar/data/1099590/000156276219000047/0001562762-19-000047-index.htm",
    "finalLink": "https://www.sec.gov/Archives/edgar/data/1099590/000156276219000047/meli-20181231x10k.htm"
  },
  {
    "date": "2017-12-31",
    "symbol": "MELI",
    "reportedCurrency": "USD",
    "cik": "0001099590",
    "fillingDate": "2018-02-23",
    "acceptedDate": "2018-02-23 16:15:54",
    "calendarYear": "2017",
    "period": "FY",
    "revenue": 1398095000,
    "costOfRevenue": 678495000,
    "grossProfit": 719600000,
    "grossProfitRatio": 0.5147003601,
    "researchAndDevelopmentExpenses": 127160000,
    "generalAndAdministrativeExpenses": 122194000,
    "sellingAndMarketingExpenses": 325375000,
    "sellingGeneralAndAdministrativeExpenses": 447569000,
    "otherExpenses": 0,
    "operatingExpenses": 574729000,
    "costAndExpenses": 1253224000,
    "interestIncome": 45901000,
    "interestExpense": 26469000,
    "depreciationAndAmortization": 40921000,
    "ebitda": 185792000,
    "ebitdaratio": 0.1328893959,
    "operatingIncome": 56273000,
    "operatingIncomeRatio": 0.0402497684,
    "totalOtherIncomeExpensesNet": -2203000,
    "incomeBeforeTax": 54070000,
    "incomeBeforeTaxRatio": 0.0386740529,
    "incomeTaxExpense": 40290000,
    "netIncome": 13780000,
    "netIncomeRatio": 0.0098562687,
    "eps": 0.31,
    "epsdiluted": 0.31,
    "weightedAverageShsOut": 44157362,
    "weightedAverageShsOutDil": 44157362,
    "link": "https://www.sec.gov/Archives/edgar/data/1099590/000156276218000040/0001562762-18-000040-index.htm",
    "finalLink": "https://www.sec.gov/Archives/edgar/data/1099590/000156276218000040/meli-20171231x10k.htm"
  },
  {
    "date": "2016-12-31",
    "symbol": "MELI",
    "reportedCurrency": "USD",
    "cik": "0001099590",
    "fillingDate": "2017-02-24",
    "acceptedDate": "2017-02-24 16:31:03",
    "calendarYear": "2016",
    "period": "FY",
    "revenue": 844396000,
    "costOfRevenue": 307538000,
    "grossProfit": 536858000,
    "grossProfitRatio": 0.635789369,
    "researchAndDevelopmentExpenses": 98479000,
    "generalAndAdministrativeExpenses": 87310000,
    "sellingAndMarketingExpenses": 156296000,
    "sellingGeneralAndAdministrativeExpenses": 243606000,
    "otherExpenses": 0,
    "operatingExpenses": 342085000,
    "costAndExpenses": 649623000,
    "interestIncome": 35442000,
    "interestExpense": 25605000,
    "depreciationAndAmortization": 29022000,
    "ebitda": 223795000,
    "ebitdaratio": 0.2650355994,
    "operatingIncome": 181056000,
    "operatingIncomeRatio": 0.214420722,
    "totalOtherIncomeExpensesNet": 4272000,
    "incomeBeforeTax": 185328000,
    "incomeBeforeTaxRatio": 0.2194799596,
    "incomeTaxExpense": 48962000,
    "netIncome": 136366000,
    "netIncomeRatio": 0.1614953174,
    "eps": 3.09,
    "epsdiluted": 3.09,
    "weightedAverageShsOut": 44157249,
    "weightedAverageShsOutDil": 44157249,
    "link": "https://www.sec.gov/Archives/edgar/data/1099590/000156276217000024/0001562762-17-000024-index.htm",
    "finalLink": "https://www.sec.gov/Archives/edgar/data/1099590/000156276217000024/meli-20161231x10k.htm"
  },
  {
    "date": "2015-12-31",
    "symbol": "MELI",
    "reportedCurrency": "USD",
    "cik": "0001099590",
    "fillingDate": "2016-02-26",
    "acceptedDate": "2016-02-26 17:44:12",
    "calendarYear": "2015",
    "period": "FY",
    "revenue": 651790000,
    "costOfRevenue": 214994000,
    "grossProfit": 436796000,
    "grossProfitRatio": 0.6701483607,
    "researchAndDevelopmentExpenses": 76423000,
    "generalAndAdministrativeExpenses": 76342000,
    "sellingAndMarketingExpenses": 128609000,
    "sellingGeneralAndAdministrativeExpenses": 204951000,
    "otherExpenses": 0,
    "operatingExpenses": 281374000,
    "costAndExpenses": 496368000,
    "interestIncome": 20561000,
    "interestExpense": 20391000,
    "depreciationAndAmortization": 23209000,
    "ebitda": 178631000,
    "ebitdaratio": 0.2740621979,
    "operatingIncome": 139196000,
    "operatingIncomeRatio": 0.2135595821,
    "totalOtherIncomeExpensesNet": 11295000,
    "incomeBeforeTax": 150491000,
    "incomeBeforeTaxRatio": 0.2308887832,
    "incomeTaxExpense": 44702000,
    "netIncome": 105789000,
    "netIncomeRatio": 0.1623053437,
    "eps": 2.4,
    "epsdiluted": 2.4,
    "weightedAverageShsOut": 44155678,
    "weightedAverageShsOutDil": 44155678,
    "link": "https://www.sec.gov/Archives/edgar/data/1099590/000156276216000352/0001562762-16-000352-index.htm",
    "finalLink": "https://www.sec.gov/Archives/edgar/data/1099590/000156276216000352/meli-20151231x10k.htm"
  }
]