[
  {
    "date": "2024-03-31",
    "symbol": "TM",
    "reportedCurrency": "JPY",
    "cik": "0000000000",
    "fillingDate": "2024-06-25",
    "acceptedDate": "2024-06-25 06:56:51",
    "calendarYear": "2024",
    "period": "FY",
    "revenue": 45095325000000,
    "costOfRevenue": 35727007000000,
    "grossProfit": 9368318000000,
    "grossProfitRatio": 0.2077447718,
    "researchAndDevelopmentExpenses": 1202373000000,
    "generalAndAdministrativeExpenses": 0,
    "sellingAndMarketingExpenses": 0,
    "sellingGeneralAndAdministrativeExpenses": 2813010000000,
    "otherExpenses": 0,
    "operatingExpenses": 4015383000000,
    "costAndExpenses": 39742390000000,
    "interestIncome": 517133000000,
    "interestExpense": 783000000,
    "depreciationAndAmortization": 2087066000000,
    "ebitda": 8392723000000,
    "ebitdaratio": 0.186110711,
    "operatingIncome": 5352935000000,
    "operatingIncomeRatio": 0.1187026593,
    "totalOtherIncomeExpensesNet": 1612151000000,
    "incomeBeforeTax": 6965086000000,
    "incomeBeforeTaxRatio": 0.154452507,
    "incomeTaxExpense": 1893665000000,
    "netIncome": 4944933000000,
    "netIncomeRatio": 0.1096551139,
    "eps": 365.94,
    "epsdiluted": 365.94,
    "weightedAverageShsOut": 13512848000,
    "weightedAverageShsOutDil": 13512848000,
    "link": "https://www.sec.gov/Archives/edgar/data/1094517/000119312524167462/0001193125-24-167462-index.htm",
    "finalLink": "https://www.sec.gov/Archives/edgar/data/1094517/000119312524167462/d807954d20f.htm"
  },
  {
    "date": "2023-03-31",
    "symbol": "TM",
    "reportedCurrency": "JPY",
    "cik": "0000000000",
    "fillingDate": "2023-03-31",
    "acceptedDate": "2023-03-30 20:00:00",
    "calendarYear": "2023",
    "period": "FY",
    "revenue": 37154298000000,
    "costOfRevenue": 30841282000000,
    "grossProfit": 6313016000000,
    "grossProfitRatio": 0.1699134781,
    "researchAndDevelopmentExpenses": 1241686000000,
    "generalAndAdministrativeExpenses": 0,
    "sellingAndMarketingExpenses": 0,
    "sellingGeneralAndAdministrativeExpenses": 3587990000000,
    "otherExpenses": -78109000000,
    "operatingExpenses": 3587990000000,
    "costAndExpenses": 34429272000000,
    "interestIncome": 379350000000,
    "interestExpense": 125113000000,
    "depreciationAndAmortization": 2039904000000,
    "ebitda": 5190687000000,
    "ebitdaratio": 0.1397062326,
    "operatingIncome": 3669330000000,
    "operatingIncomeRatio": 0.0987592337,
    "totalOtherIncomeExpensesNet": -597000000,
    "incomeBeforeTax": 3668733000000,
    "incomeBeforeTaxRatio": 0.0987431656,
    "incomeTaxExpense": 1175765000000,
    "netIncome": 2451318000000,
    "netIncomeRatio": 0.0659767007,
    "eps": 179.47,
    "epsdiluted": 179.47,
    "weightedAverageShsOut": 13658382000,
    "weightedAverageShsOutDil": 13658382000,
    "link": "",
    "finalLink": ""
  },
  {
    "date": "2022-03-31",
    "symbol": "TM",
    "reportedCurrency": "JPY",
    "cik": "0000000000",
    "fillingDate": "2022-03-31",
    "acceptedDate": "2022-03-30 20:00:00",
    "calendarYear": "2022",
    "period": "FY",
    "revenue": 31379507000000,
    "costOfRevenue": 25407834000000,
    "grossProfit": 5971673000000,
    "grossProfitRatio": 0.19030487,
    "researchAndDevelopmentExpenses": 1124262000000,
    "generalAndAdministrativeExpenses": 0,
    "sellingAndMarketingExpenses": 0,
    "sellingGeneralAndAdministrativeExpenses": 2975977000000,
    "otherExpenses": -72461000000,
    "operatingExpenses": 2975977000000,
    "costAndExpenses": 28383811000000,
    "interestIncome": 334760000000,
    "interestExpense": 43997000000,
    "depreciationAndAmortization": 1821880000000,
    "ebitda": 4817592000000,
    "ebitdaratio": 0.153526695,
    "operatingIncome": 2995697000000,
    "operatingIncomeRatio": 0.0954666687,
    "totalOtherIncomeExpensesNet": 994835000000,
    "incomeBeforeTax": 3990532000000,
    "incomeBeforeTaxRatio": 0.127170003,
    "incomeTaxExpense": 1115918000000,
    "netIncome": 2850110000000,
    "netIncomeRatio": 0.0908271121,
    "eps": 205.23,
    "epsdiluted": 205.23,
    "weightedAverageShsOut": 13887348000,
    "weightedAverageShsOutDil": 13887659000,
    "link": "",
    "finalLink": ""
  },
  {
    "date": "2021-03-31",
    "symbol": "TM",
    "reportedCurrency": "JPY",
    "cik": "0000000000",
    "fillingDate": "2021-03-31",
    "acceptedDate": "2021-03-30 20:00:00",
    "calendarYear": "2021",
    "period": "FY",
    "revenue": 27214593000000,
    "costOfRevenue": 22382220000000,
    "grossProfit": 4832373000000,
    "grossProfitRatio": 0.1775655069,
    "researchAndDevelopmentExpenses": 1090424000000,
    "generalAndAdministrativeExpenses": 0,
    "sellingAndMarketingExpenses": 0,
    "sellingGeneralAndAdministrativeExpenses": 2634625000000,
    "otherExpenses": -19257000000,
    "operatingExpenses": 2634625000000,
    "costAndExpenses": 25016845000000,
    "interestIncome": 435229000000,
    "interestExpense": 47537000000,
    "depreciationAndAmortization": 1644290000000,
    "ebitda": 4609039000000,
    "ebitdaratio": 0.1693591008,
    "operatingIncome": 2964749000000,
    "operatingIncomeRatio": 0.1089396781,
    "totalOtherIncomeExpensesNet": -383424000000,
    "incomeBeforeTax": 2932354000000,
    "incomeBeforeTaxRatio": 0.107749324,
    "incomeTaxExpense": 649976000000,
    "netIncome": 2245261000000,
    "netIncomeRatio": 0.0825020973,
    "eps": 160.65,
    "epsdiluted": 158.93,
    "weightedAverageShsOut": 13976440000,
    "weightedAverageShsOutDil": 14206135000,
    "link": "",
    "finalLink": ""
  },
  {
    "date": "2020-03-31",
    "symbol": "TM",
    "reportedCurrency": "JPY",
    "cik": "0000000000",
    "fillingDate": "2020-03-31",
    "acceptedDate": "2020-03-30 20:00:00",
    "calendarYear": "2020",
    "period": "FY",
    "revenue": 29929992000000,
    "costOfRevenue": 24522364000000,
    "grossProfit": 5407628000000,
    "grossProfitRatio": 0.1806758919,
    "researchAndDevelopmentExpenses": 1110369000000,
    "generalAndAdministrativeExpenses": 0,
    "sellingAndMarketingExpenses": 0,
    "sellingGeneralAndAdministrativeExpenses": 2964759000000,
    "otherExpenses": 14705000000,
    "operatingExpenses": 2964759000000,
    "costAndExpenses": 27487123000000,
    "interestIncome": 232870000000,
    "interestExpense": 32217000000,
    "depreciationAndAmortization": 1595347000000,
    "ebitda": 4125197000000,
    "ebitdaratio": 0.1378282026,
    "operatingIncome": 2442869000000,
    "operatingIncomeRatio": 0.0816194338,
    "totalOtherIncomeExpensesNet": 83463000000,
    "incomeBeforeTax": 2554607000000,
    "incomeBeforeTaxRatio": 0.0853527458,
    "incomeTaxExpense": 683430000000,
    "netIncome": 2036140000000,
    "netIncomeRatio": 0.0680300883,
    "eps": 145.49,
    "epsdiluted": 144.02,
    "weightedAverageShsOut": 13994590000,
    "weightedAverageShsOutDil": 14230090000,
    "link": "",
    "finalLink": ""
  },
  {
    "date": "2019-03-31",
    "symbol": "TM",
    "reportedCurrency": "JPY",
    "cik": "0000000000",
    "fillingDate": "2019-03-31",
    "acceptedDate": "2019-03-30 20:00:00",
    "calendarYear": "2019",
    "period": "FY",
    "revenue": 30225681000000,
    "costOfRevenue": 24781785000000,
    "grossProfit": 5443896000000,
    "grossProfitRatio": 0.1801082993,
    "researchAndDevelopmentExpenses": 1048882000000,
    "generalAndAdministrativeExpenses": 0,
    "sellingAndMarketingExpenses": 0,
    "sellingGeneralAndAdministrativeExpenses": 2976351000000,
    "otherExpenses": -50843000000,
    "operatingExpenses": 2976351000000,
    "costAndExpenses": 27758136000000,
    "interestIncome": 225495000000,
    "interestExpense": 28078000000,
    "depreciationAndAmortization": 1792375000000,
    "ebitda": 4249576000000,
    "ebitdaratio": 0.1405948802,
    "operatingIncome": 2467545000000,
    "operatingIncomeRatio": 0.0816373666,
    "totalOtherIncomeExpensesNet": -182080000000,
    "incomeBeforeTax": 2285465000000,
    "incomeBeforeTaxRatio": 0.0756133501,
    "incomeTaxExpense": 659944000000,
    "netIncome": 1882873000000,
    "netIncomeRatio": 0.0622938156,
    "eps": 131.14,
    "epsdiluted": 129.02,
    "weightedAverageShsOut": 14357670000,
    "weightedAverageShsOutDil": 14593370000,
    "link": "",
    "finalLink": ""
  },
  {
    "date": "2018-03-31",
    "symbol": "TM",
    "reportedCurrency": "JPY",
    "cik": "0000000000",
    "fillingDate": "2018-03-31",
    "acceptedDate": "2018-03-30 20:00:00",
    "calendarYear": "2018",
    "period": "FY",
    "revenue": 29379510000000,
    "costOfRevenue": 23889153000000,
    "grossProfit": 5490357000000,
    "grossProfitRatio": 0.1868770786,
    "researchAndDevelopmentExpenses": 1064269000000,
    "generalAndAdministrativeExpenses": 0,
    "sellingAndMarketingExpenses": 0,
    "sellingGeneralAndAdministrativeExpenses": 3090495000000,
    "otherExpenses": 45948000000,
    "operatingExpenses": 3090495000000,
    "costAndExpenses": 26979648000000,
    "interestIncome": 179541000000,
    "interestExpense": 27586000000,
    "depreciationAndAmortization": 1734033000000,
    "ebitda": 4133895000000,
    "ebitdaratio": 0.1407067375,
    "operatingIncome": 2399862000000,
    "operatingIncomeRatio": 0.0816848885,
    "totalOtherIncomeExpensesNet": 220567000000,
    "incomeBeforeTax": 2620429000000,
    "incomeBeforeTaxRatio": 0.0891923997,
    "incomeTaxExpense": 504406000000,
    "netIncome": 2493983000000,
    "netIncomeRatio": 0.0848885158,
    "eps": 169.23,
    "epsdiluted": 166.56,
    "weightedAverageShsOut": 14736825000,
    "weightedAverageShsOutDil": 14973830000,
    "link": "",
    "finalLink": ""
  },
  {
    "date": "2017-03-31",
    "symbol": "TM",
    "reportedCurrency": "JPY",
    "cik": "0000000000",
    "fillingDate": "2017-03-31",
    "acceptedDate": "2017-03-30 20:00:00",
    "calendarYear": "2017",
    "period": "FY",
    "revenue": 27597193000000,
    "costOfRevenue": 22734336000000,
    "grossProfit": 4862857000000,
    "grossProfitRatio": 0.1762083919,
    "researchAndDevelopmentExpenses": 1037528000000,
    "generalAndAdministrativeExpenses": 0,
    "sellingAndMarketingExpenses": 0,
    "sellingGeneralAndAdministrativeExpenses": 2868485000000,
    "otherExpenses": 36222000000,
    "operatingExpenses": 2868485000000,
    "costAndExpenses": 25602821000000,
    "interestIncome": 158983000000,
    "interestExpense": 29353000000,
    "depreciationAndAmortization": 1610950000000,
    "ebitda": 3605322000000,
    "ebitdaratio": 0.1306408953,
    "operatingIncome": 1994372000000,
    "operatingIncomeRatio": 0.0722672049,
    "totalOtherIncomeExpensesNet": 199453000000,
    "incomeBeforeTax": 2193825000000,
    "incomeBeforeTaxRatio": 0.0794944979,
    "incomeTaxExpense": 628900000000,
    "netIncome": 1831109000000,
    "netIncomeRatio": 0.0663512771,
    "eps": 121.09,
    "epsdiluted": 119.84,
    "weightedAverageShsOut": 15040440000,
    "weightedAverageShsOutDil": 15279130000,
    "link": "",
    "finalLink": ""
  },
  {
    "date": "2016-03-31",
    "symbol": "TM",
    "reportedCurrency": "JPY",
    "cik": "0000000000",
    "fillingDate": "2016-03-31",
    "acceptedDate": "2016-03-30 20:00:00",
    "calendarYear": "2016",
    "period": "FY",
    "revenue": 28403118000000,
    "costOfRevenue": 22605465000000,
    "grossProfit": 5797653000000,
    "grossProfitRatio": 0.2041203012,
    "researchAndDevelopmentExpenses": 1055672000000,
    "generalAndAdministrativeExpenses": 0,
    "sellingAndMarketingExpenses": 0,
    "sellingGeneralAndAdministrativeExpenses": 2943682000000,
    "otherExpenses": 12524000000,
    "operatingExpenses": 2943682000000,
    "costAndExpenses": 25549147000000,
    "interestIncome": 157862000000,
    "interestExpense": 35403000000,
    "depreciationAndAmortization": 1625837000000,
    "ebitda": 4479808000000,
    "ebitdaratio": 0.1577224022,
    "operatingIncome": 2853971000000,
    "operatingIncomeRatio": 0.1004809049,
    "totalOtherIncomeExpensesNet": 129410000000,
    "incomeBeforeTax": 2983381000000,
    "incomeBeforeTaxRatio": 0.1050370949,
    "incomeTaxExpense": 878269000000,
    "netIncome": 2312694000000,
    "netIncomeRatio": 0.0814239479,
    "eps": 148.27,
    "epsdiluted": 147.07,
    "weightedAverageShsOut": 15556530000,
    "weightedAverageShsOutDil": 15724735000,
    "link": "",
    "finalLink": ""
  },
  {
    "date": "2015-03-31",
    "symbol": "TM",
    "reportedCurrency": "JPY",
    "cik": "0000000000",
    "fillingDate": "2015-03-31",
    "acceptedDate": "2015-03-30 20:00:00",
    "calendarYear": "2015",
    "period": "FY",
    "revenue": 27234521000000,
    "costOfRevenue": 21841676000000,
    "grossProfit": 5392845000000,
    "grossProfitRatio": 0.1980150486,
    "researchAndDevelopmentExpenses": 1004547000000,
    "generalAndAdministrativeExpenses": 2207131000000,
    "sellingAndMarketingExpenses": 435150000000,
    "sellingGeneralAndAdministrativeExpenses": 2642281000000,
    "otherExpenses": -70127000000,
    "operatingExpenses": 2642281000000,
    "costAndExpenses": 24483957000000,
    "interestIncome": 147122000000,
    "interestExpense": 22871000000,
    "depreciationAndAmortization": 1409075000000,
    "ebitda": 4159639000000,
    "ebitdaratio": 0.1527340613,
    "operatingIncome": 2750564000000,
    "operatingIncomeRatio": 0.1009954976,
    "totalOtherIncomeExpensesNet": 142264000000,
    "incomeBeforeTax": 2892828000000,
    "incomeBeforeTaxRatio": 0.1062191621,
    "incomeTaxExpense": 893469000000,
    "netIncome": 2173338000000,
    "netIncomeRatio": 0.0798008527,
    "eps": 137.6,
    "epsdiluted": 137.53,
    "weightedAverageShsOut": 15794148426,
    "weightedAverageShsOutDil": 15802416892,
    "link": "",
    "finalLink": ""
  }
]