[
  {
    "date": "2024-12-31",
    "symbol": "TM",
    "reportedCurrency": "JPY",
    "cik": "0001094517",
    "fillingDate": "2024-12-31",
    "acceptedDate": "2024-12-31 00:00:00",
    "calendarYear": "2025",
    "period": "Q3",
    "revenue": 12391095000000,
    "costOfRevenue": 10012186000000,
    "grossProfit": 2378909000000,
    "grossProfitRatio": 0.1919853734,
    "researchAndDevelopmentExpenses": 336900000000,
    "generalAndAdministrativeExpenses": 0,
    "sellingAndMarketingExpenses": 0,
    "sellingGeneralAndAdministrativeExpenses": 1163635000000,
    "otherExpenses": -336900000000,
    "operatingExpenses": 1163635000000,
    "costAndExpenses": 11175821000000,
    "interestIncome": 0,
    "interestExpense": 107572000000,
    "depreciationAndAmortization": 557785000000,
    "ebitda": 1773059000000,
    "ebitdaratio": 0.1430913894,
    "operatingIncome": 1215274000000,
    "operatingIncomeRatio": 0.0980764008,
    "totalOtherIncomeExpensesNet": 1482750000000,
    "incomeBeforeTax": 2698024000000,
    "incomeBeforeTaxRatio": 0.2177389488,
    "incomeTaxExpense": 484333000000,
    "netIncome": 2193276000000,
    "netIncomeRatio": 0.1770042115,
    "eps": 167.26,
    "epsdiluted": 167.26,
    "weightedAverageShsOut": 13113093293,
    "weightedAverageShsOutDil": 13113209298,
    "link": null,
    "finalLink": null
  },
  {
    "date": "2024-09-30",
    "symbol": "TM",
    "reportedCurrency": "JPY",
    "cik": "0000000000",
    "fillingDate": "2024-09-30",
    "acceptedDate": "2024-09-28 20:00:00",
    "calendarYear": "2025",
    "period": "Q2",
    "revenue": 11444571000000,
    "costOfRevenue": 9006080000000,
    "grossProfit": 2438491000000,
    "grossProfitRatio": 0.2130696729,
    "researchAndDevelopmentExpenses": 636454000000,
    "generalAndAdministrativeExpenses": 0,
    "sellingAndMarketingExpenses": 0,
    "sellingGeneralAndAdministrativeExpenses": 646281000000,
    "otherExpenses": 0,
    "operatingExpenses": 1282735000000,
    "costAndExpenses": 10288815000000,
    "interestIncome": 97145000000,
    "interestExpense": 37185000000,
    "depreciationAndAmortization": 552686000000,
    "ebitda": 1350304000000,
    "ebitdaratio": 0.1179864234,
    "operatingIncome": 1155756000000,
    "operatingIncomeRatio": 0.1009872716,
    "totalOtherIncomeExpensesNet": -295945000000,
    "incomeBeforeTax": 859811000000,
    "incomeBeforeTaxRatio": 0.0751282857,
    "incomeTaxExpense": 357983000000,
    "netIncome": 573766000000,
    "netIncomeRatio": 0.0501343388,
    "eps": 43.16,
    "epsdiluted": 43.16,
    "weightedAverageShsOut": 13294299193,
    "weightedAverageShsOutDil": 13294299193,
    "link": "",
    "finalLink": ""
  },
  {
    "date": "2024-06-30",
    "symbol": "TM",
    "reportedCurrency": "JPY",
    "cik": "0000000000",
    "fillingDate": "2024-06-30",
    "acceptedDate": "2024-06-28 20:00:00",
    "calendarYear": "2025",
    "period": "Q1",
    "revenue": 11837879000000,
    "costOfRevenue": 9409434000000,
    "grossProfit": 2428445000000,
    "grossProfitRatio": 0.2051419008,
    "researchAndDevelopmentExpenses": 304600000000,
    "generalAndAdministrativeExpenses": 0,
    "sellingAndMarketingExpenses": 0,
    "sellingGeneralAndAdministrativeExpenses": 815384000000,
    "otherExpenses": 4570000000,
    "operatingExpenses": 1119984000000,
    "costAndExpenses": 10529418000000,
    "interestIncome": 173800000000,
    "interestExpense": 16509000000,
    "depreciationAndAmortization": 575278000000,
    "ebitda": 1883739000000,
    "ebitdaratio": 0.1591280837,
    "operatingIncome": 1308461000000,
    "operatingIncomeRatio": 0.1105317093,
    "totalOtherIncomeExpensesNet": 398859000000,
    "incomeBeforeTax": 1707321000000,
    "incomeBeforeTaxRatio": 0.1442252451,
    "incomeTaxExpense": 508435000000,
    "netIncome": 1333347000000,
    "netIncomeRatio": 0.112633944,
    "eps": 98.99,
    "epsdiluted": 98.99,
    "weightedAverageShsOut": 13469159202,
    "weightedAverageShsOutDil": 13469159202,
    "link": "",
    "finalLink": ""
  },
  {
    "date": "2024-03-31",
    "symbol": "TM",
    "reportedCurrency": "JPY",
    "cik": "0000000000",
    "fillingDate": "2024-03-31",
    "acceptedDate": "2024-03-29 20:00:00",
    "calendarYear": "2024",
    "period": "Q4",
    "revenue": 11072605000000,
    "costOfRevenue": 8822417000000,
    "grossProfit": 2250188000000,
    "grossProfitRatio": 0.2032211932,
    "researchAndDevelopmentExpenses": 304273000000,
    "generalAndAdministrativeExpenses": 0,
    "sellingAndMarketingExpenses": 0,
    "sellingGeneralAndAdministrativeExpenses": 833217000000,
    "otherExpenses": 18157000000,
    "operatingExpenses": 1137490000000,
    "costAndExpenses": 9959907000000,
    "interestIncome": 202932000000,
    "interestExpense": 24957000000,
    "depreciationAndAmortization": 551673000000,
    "ebitda": 2017694000000,
    "ebitdaratio": 0.1822239663,
    "operatingIncome": 1112698000000,
    "operatingIncomeRatio": 0.1004910769,
    "totalOtherIncomeExpensesNet": 495323000000,
    "incomeBeforeTax": 1441064000000,
    "incomeBeforeTaxRatio": 0.1301467902,
    "incomeTaxExpense": 568224000000,
    "netIncome": 997691000000,
    "netIncomeRatio": 0.0901044515,
    "eps": 74.02,
    "epsdiluted": 74.02,
    "weightedAverageShsOut": 13478667927,
    "weightedAverageShsOutDil": 13478667927,
    "link": "",
    "finalLink": ""
  },
  {
    "date": "2023-12-31",
    "symbol": "TM",
    "reportedCurrency": "JPY",
    "cik": "0000000000",
    "fillingDate": "2023-12-31",
    "acceptedDate": "2023-12-30 19:00:00",
    "calendarYear": "2024",
    "period": "Q3",
    "revenue": 12041103000000,
    "costOfRevenue": 9355813000000,
    "grossProfit": 2685290000000,
    "grossProfitRatio": 0.2230103006,
    "researchAndDevelopmentExpenses": 289200000000,
    "generalAndAdministrativeExpenses": 0,
    "sellingAndMarketingExpenses": 0,
    "sellingGeneralAndAdministrativeExpenses": 1004347000000,
    "otherExpenses": 9075000000,
    "operatingExpenses": 1004347000000,
    "costAndExpenses": 10360160000000,
    "interestIncome": 206364000000,
    "interestExpense": 34452000000,
    "depreciationAndAmortization": 515432000000,
    "ebitda": 2196376000000,
    "ebitdaratio": 0.1824065453,
    "operatingIncome": 1680944000000,
    "operatingIncomeRatio": 0.1396005001,
    "totalOtherIncomeExpensesNet": 154596000000,
    "incomeBeforeTax": 1835540000000,
    "incomeBeforeTaxRatio": 0.1524395232,
    "incomeTaxExpense": 451437000000,
    "netIncome": 1357814000000,
    "netIncomeRatio": 0.1127649186,
    "eps": 100.62,
    "epsdiluted": 100.62,
    "weightedAverageShsOut": 13494135000,
    "weightedAverageShsOutDil": 13494135000,
    "link": "",
    "finalLink": ""
  },
  {
    "date": "2023-09-30",
    "symbol": "TM",
    "reportedCurrency": "JPY",
    "cik": "0000000000",
    "fillingDate": "2023-09-30",
    "acceptedDate": "2023-09-29 20:00:00",
    "calendarYear": "2024",
    "period": "Q2",
    "revenue": 11434786000000,
    "costOfRevenue": 9064850000000,
    "grossProfit": 2369936000000,
    "grossProfitRatio": 0.207256699,
    "researchAndDevelopmentExpenses": 314100000000,
    "generalAndAdministrativeExpenses": 0,
    "sellingAndMarketingExpenses": 0,
    "sellingGeneralAndAdministrativeExpenses": 931543000000,
    "otherExpenses": -2047000000,
    "operatingExpenses": 931543000000,
    "costAndExpenses": 9996393000000,
    "interestIncome": 147813000000,
    "interestExpense": 20961000000,
    "depreciationAndAmortization": 514152000000,
    "ebitda": 1952545000000,
    "ebitdaratio": 0.1707548353,
    "operatingIncome": 1438394000000,
    "operatingIncomeRatio": 0.125791073,
    "totalOtherIncomeExpensesNet": -1075815000000,
    "incomeBeforeTax": 1800972000000,
    "incomeBeforeTaxRatio": 0.1574994058,
    "incomeTaxExpense": 480341000000,
    "netIncome": 1278056000000,
    "netIncomeRatio": 0.1117691227,
    "eps": 94.51,
    "epsdiluted": 94.51,
    "weightedAverageShsOut": 13522589000,
    "weightedAverageShsOutDil": 13522589000,
    "link": "",
    "finalLink": ""
  },
  {
    "date": "2023-06-30",
    "symbol": "TM",
    "reportedCurrency": "JPY",
    "cik": "0000000000",
    "fillingDate": "2023-06-30",
    "acceptedDate": "2023-06-29 20:00:00",
    "calendarYear": "2024",
    "period": "Q1",
    "revenue": 10546831000000,
    "costOfRevenue": 8483927000000,
    "grossProfit": 2062904000000,
    "grossProfitRatio": 0.1955946767,
    "researchAndDevelopmentExpenses": 294800000000,
    "generalAndAdministrativeExpenses": 0,
    "sellingAndMarketingExpenses": 0,
    "sellingGeneralAndAdministrativeExpenses": 942003000000,
    "otherExpenses": -7267000000,
    "operatingExpenses": 942003000000,
    "costAndExpenses": 9425930000000,
    "interestIncome": 190127000000,
    "interestExpense": 23339000000,
    "depreciationAndAmortization": 505809000000,
    "ebitda": 1626710000000,
    "ebitdaratio": 0.1542368509,
    "operatingIncome": 1120900000000,
    "operatingIncomeRatio": 0.1062783693,
    "totalOtherIncomeExpensesNet": 599653000000,
    "incomeBeforeTax": 1720553000000,
    "incomeBeforeTaxRatio": 0.1631345946,
    "incomeTaxExpense": 393663000000,
    "netIncome": 1311372000000,
    "netIncomeRatio": 0.1243380121,
    "eps": 96.74,
    "epsdiluted": 96.74,
    "weightedAverageShsOut": 13555663000,
    "weightedAverageShsOutDil": 13555663000,
    "link": "",
    "finalLink": ""
  },
  {
    "date": "2023-03-31",
    "symbol": "TM",
    "reportedCurrency": "JPY",
    "cik": "0000000000",
    "fillingDate": "2023-03-31",
    "acceptedDate": "2023-03-30 20:00:00",
    "calendarYear": "2023",
    "period": "Q4",
    "revenue": 9690265000000,
    "costOfRevenue": 8125420000000,
    "grossProfit": 1564845000000,
    "grossProfitRatio": 0.1614862958,
    "researchAndDevelopmentExpenses": 331686000000,
    "generalAndAdministrativeExpenses": 0,
    "sellingAndMarketingExpenses": 0,
    "sellingGeneralAndAdministrativeExpenses": 937914000000,
    "otherExpenses": -46991000000,
    "operatingExpenses": 937914000000,
    "costAndExpenses": 9063334000000,
    "interestIncome": 71832000000,
    "interestExpense": 16800000000,
    "depreciationAndAmortization": 505145000000,
    "ebitda": 1153058000000,
    "ebitdaratio": 0.1189913795,
    "operatingIncome": 626930000000,
    "operatingIncomeRatio": 0.0646968891,
    "totalOtherIncomeExpensesNet": 172528000000,
    "incomeBeforeTax": 799459000000,
    "incomeBeforeTaxRatio": 0.0825012525,
    "incomeTaxExpense": 270612000000,
    "netIncome": 552292000000,
    "netIncomeRatio": 0.0569945198,
    "eps": 40.67,
    "epsdiluted": 40.67,
    "weightedAverageShsOut": 13579837718,
    "weightedAverageShsOutDil": 13579837718,
    "link": "",
    "finalLink": ""
  },
  {
    "date": "2022-12-31",
    "symbol": "TM",
    "reportedCurrency": "JPY",
    "cik": "0000000000",
    "fillingDate": "2022-12-31",
    "acceptedDate": "2022-12-30 19:00:00",
    "calendarYear": "2023",
    "period": "Q3",
    "revenue": 9754685000000,
    "costOfRevenue": 7821392000000,
    "grossProfit": 1933293000000,
    "grossProfitRatio": 0.1981912281,
    "researchAndDevelopmentExpenses": 290100000000,
    "generalAndAdministrativeExpenses": 0,
    "sellingAndMarketingExpenses": 0,
    "sellingGeneralAndAdministrativeExpenses": 976641000000,
    "otherExpenses": -868000000,
    "operatingExpenses": 976641000000,
    "costAndExpenses": 8798033000000,
    "interestIncome": 110164000000,
    "interestExpense": 37963000000,
    "depreciationAndAmortization": 518636000000,
    "ebitda": 1475288000000,
    "ebitdaratio": 0.1512389175,
    "operatingIncome": 956652000000,
    "operatingIncomeRatio": 0.0980710295,
    "totalOtherIncomeExpensesNet": 78346000000,
    "incomeBeforeTax": 1034998000000,
    "incomeBeforeTaxRatio": 0.1061026573,
    "incomeTaxExpense": 290432000000,
    "netIncome": 727942000000,
    "netIncomeRatio": 0.0746248597,
    "eps": 53.4,
    "epsdiluted": 53.4,
    "weightedAverageShsOut": 13632403000,
    "weightedAverageShsOutDil": 13632403000,
    "link": "",
    "finalLink": ""
  },
  {
    "date": "2022-09-30",
    "symbol": "TM",
    "reportedCurrency": "JPY",
    "cik": "0000000000",
    "fillingDate": "2022-09-30",
    "acceptedDate": "2022-09-29 20:00:00",
    "calendarYear": "2023",
    "period": "Q2",
    "revenue": 9218232000000,
    "costOfRevenue": 7794503000000,
    "grossProfit": 1423729000000,
    "grossProfitRatio": 0.1544470784,
    "researchAndDevelopmentExpenses": 318500000000,
    "generalAndAdministrativeExpenses": 0,
    "sellingAndMarketingExpenses": 0,
    "sellingGeneralAndAdministrativeExpenses": 860940000000,
    "otherExpenses": -12583000000,
    "operatingExpenses": 860940000000,
    "costAndExpenses": 8655443000000,
    "interestIncome": 71561000000,
    "interestExpense": 50988000000,
    "depreciationAndAmortization": 512757000000,
    "ebitda": 1075546000000,
    "ebitdaratio": 0.1166759526,
    "operatingIncome": 562789000000,
    "operatingIncomeRatio": 0.0610517288,
    "totalOtherIncomeExpensesNet": 249740000000,
    "incomeBeforeTax": 812528000000,
    "incomeBeforeTaxRatio": 0.0881435833,
    "incomeTaxExpense": 351225000000,
    "netIncome": 434264000000,
    "netIncomeRatio": 0.0471092505,
    "eps": 31.73,
    "epsdiluted": 31.73,
    "weightedAverageShsOut": 13686227545,
    "weightedAverageShsOutDil": 13687535000,
    "link": "",
    "finalLink": ""
  },
  {
    "date": "2022-06-30",
    "symbol": "TM",
    "reportedCurrency": "JPY",
    "cik": "0000000000",
    "fillingDate": "2022-06-30",
    "acceptedDate": "2022-06-29 20:00:00",
    "calendarYear": "2023",
    "period": "Q1",
    "revenue": 8491116000000,
    "costOfRevenue": 7099967000000,
    "grossProfit": 1391149000000,
    "grossProfitRatio": 0.1638358256,
    "researchAndDevelopmentExpenses": 302200000000,
    "generalAndAdministrativeExpenses": 0,
    "sellingAndMarketingExpenses": 0,
    "sellingGeneralAndAdministrativeExpenses": 812494000000,
    "otherExpenses": -17667000000,
    "operatingExpenses": 812494000000,
    "costAndExpenses": 7912461000000,
    "interestIncome": 125793000000,
    "interestExpense": 19362000000,
    "depreciationAndAmortization": 503366000000,
    "ebitda": 1082021000000,
    "ebitdaratio": 0.1274297748,
    "operatingIncome": 395396000000,
    "operatingIncomeRatio": 0.046565846,
    "totalOtherIncomeExpensesNet": 443093000000,
    "incomeBeforeTax": 1021748000000,
    "incomeBeforeTaxRatio": 0.1203314146,
    "incomeTaxExpense": 263496000000,
    "netIncome": 736820000000,
    "netIncomeRatio": 0.0867754015,
    "eps": 53.65,
    "epsdiluted": 53.65,
    "weightedAverageShsOut": 13732569000,
    "weightedAverageShsOutDil": 13732569000,
    "link": "",
    "finalLink": ""
  },
  {
    "date": "2022-03-31",
    "symbol": "TM",
    "reportedCurrency": "JPY",
    "cik": "0000000000",
    "fillingDate": "2022-03-31",
    "acceptedDate": "2022-03-30 20:00:00",
    "calendarYear": "2022",
    "period": "Q4",
    "revenue": 8112466000000,
    "costOfRevenue": 6755385000000,
    "grossProfit": 1357081000000,
    "grossProfitRatio": 0.167283413,
    "researchAndDevelopmentExpenses": 279362000000,
    "generalAndAdministrativeExpenses": 0,
    "sellingAndMarketingExpenses": 0,
    "sellingGeneralAndAdministrativeExpenses": 893220000000,
    "otherExpenses": -44595000000,
    "operatingExpenses": 893220000000,
    "costAndExpenses": 7648605000000,
    "interestIncome": 189439000000,
    "interestExpense": 0,
    "depreciationAndAmortization": 479347000000,
    "ebitda": 1105949000000,
    "ebitdaratio": 0.1363271045,
    "operatingIncome": 338870000000,
    "operatingIncomeRatio": 0.0417715156,
    "totalOtherIncomeExpensesNet": 289117000000,
    "incomeBeforeTax": 752979000000,
    "incomeBeforeTaxRatio": 0.0928175231,
    "incomeTaxExpense": 262264000000,
    "netIncome": 533888000000,
    "netIncomeRatio": 0.0658108151,
    "eps": 38.68,
    "epsdiluted": 38.56,
    "weightedAverageShsOut": 13803882000,
    "weightedAverageShsOutDil": 13846414830,
    "link": "",
    "finalLink": ""
  },
  {
    "date": "2021-12-31",
    "symbol": "TM",
    "reportedCurrency": "JPY",
    "cik": "0000000000",
    "fillingDate": "2021-12-31",
    "acceptedDate": "2021-12-30 19:00:00",
    "calendarYear": "2022",
    "period": "Q3",
    "revenue": 7785742000000,
    "costOfRevenue": 6259742000000,
    "grossProfit": 1526000000000,
    "grossProfitRatio": 0.1959993023,
    "researchAndDevelopmentExpenses": 294800000000,
    "generalAndAdministrativeExpenses": 0,
    "sellingAndMarketingExpenses": 0,
    "sellingGeneralAndAdministrativeExpenses": 741629000000,
    "otherExpenses": -20495000000,
    "operatingExpenses": 741629000000,
    "costAndExpenses": 7001371000000,
    "interestIncome": 136542000000,
    "interestExpense": 9193000000,
    "depreciationAndAmortization": 471129000000,
    "ebitda": 1419347000000,
    "ebitdaratio": 0.1823008006,
    "operatingIncome": 784370000000,
    "operatingIncomeRatio": 0.100744412,
    "totalOtherIncomeExpensesNet": 309137000000,
    "incomeBeforeTax": 1093508000000,
    "incomeBeforeTaxRatio": 0.1404500689,
    "incomeTaxExpense": 274665000000,
    "netIncome": 791738000000,
    "netIncomeRatio": 0.1016907573,
    "eps": 57.18,
    "epsdiluted": 57.18,
    "weightedAverageShsOut": 13845538000,
    "weightedAverageShsOutDil": 13845538000,
    "link": "",
    "finalLink": ""
  },
  {
    "date": "2021-09-30",
    "symbol": "TM",
    "reportedCurrency": "JPY",
    "cik": "0000000000",
    "fillingDate": "2021-09-30",
    "acceptedDate": "2021-09-29 20:00:00",
    "calendarYear": "2022",
    "period": "Q2",
    "revenue": 7545741000000,
    "costOfRevenue": 6106788000000,
    "grossProfit": 1438953000000,
    "grossProfitRatio": 0.1906973749,
    "researchAndDevelopmentExpenses": 276000000000,
    "generalAndAdministrativeExpenses": 0,
    "sellingAndMarketingExpenses": 0,
    "sellingGeneralAndAdministrativeExpenses": 688978000000,
    "otherExpenses": -15117000000,
    "operatingExpenses": 688978000000,
    "costAndExpenses": 6795766000000,
    "interestIncome": 43808000000,
    "interestExpense": 8875000000,
    "depreciationAndAmortization": 431626000000,
    "ebitda": 1181601000000,
    "ebitdaratio": 0.1565917781,
    "operatingIncome": 749976000000,
    "operatingIncomeRatio": 0.0993906364,
    "totalOtherIncomeExpensesNet": 136850000000,
    "incomeBeforeTax": 886825000000,
    "incomeBeforeTaxRatio": 0.1175265623,
    "incomeTaxExpense": 248310000000,
    "netIncome": 626652000000,
    "netIncomeRatio": 0.0830471123,
    "eps": 45.01,
    "epsdiluted": 45.01,
    "weightedAverageShsOut": 13921615000,
    "weightedAverageShsOutDil": 13921615000,
    "link": "",
    "finalLink": ""
  },
  {
    "date": "2021-06-30",
    "symbol": "TM",
    "reportedCurrency": "JPY",
    "cik": "0000000000",
    "fillingDate": "2021-06-30",
    "acceptedDate": "2021-06-29 20:00:00",
    "calendarYear": "2022",
    "period": "Q1",
    "revenue": 7935557000000,
    "costOfRevenue": 6285919000000,
    "grossProfit": 1649638000000,
    "grossProfitRatio": 0.2078792957,
    "researchAndDevelopmentExpenses": 274100000000,
    "generalAndAdministrativeExpenses": 0,
    "sellingAndMarketingExpenses": 0,
    "sellingGeneralAndAdministrativeExpenses": 652150000000,
    "otherExpenses": 7746000000,
    "operatingExpenses": 652150000000,
    "costAndExpenses": 6938069000000,
    "interestIncome": 72065000000,
    "interestExpense": 7484000000,
    "depreciationAndAmortization": 439778000000,
    "ebitda": 1437267000000,
    "ebitdaratio": 0.1811173431,
    "operatingIncome": 997489000000,
    "operatingIncomeRatio": 0.125698675,
    "totalOtherIncomeExpensesNet": 259731000000,
    "incomeBeforeTax": 1257220000000,
    "incomeBeforeTaxRatio": 0.1584287026,
    "incomeTaxExpense": 330679000000,
    "netIncome": 897832000000,
    "netIncomeRatio": 0.1131403883,
    "eps": 64.23,
    "epsdiluted": 64.22,
    "weightedAverageShsOut": 13979050000,
    "weightedAverageShsOutDil": 13980297000,
    "link": "",
    "finalLink": ""
  },
  {
    "date": "2021-03-31",
    "symbol": "TM",
    "reportedCurrency": "JPY",
    "cik": "0000000000",
    "fillingDate": "2021-03-31",
    "acceptedDate": "2021-03-30 20:00:00",
    "calendarYear": "2021",
    "period": "Q4",
    "revenue": 7689337000000,
    "costOfRevenue": 6211242000000,
    "grossProfit": 1478095000000,
    "grossProfitRatio": 0.192226586,
    "researchAndDevelopmentExpenses": 257024000000,
    "generalAndAdministrativeExpenses": 0,
    "sellingAndMarketingExpenses": 0,
    "sellingGeneralAndAdministrativeExpenses": 788269000000,
    "otherExpenses": -4901000000,
    "operatingExpenses": 788269000000,
    "costAndExpenses": 6999511000000,
    "interestIncome": 214375000000,
    "interestExpense": 14441000000,
    "depreciationAndAmortization": 426103000000,
    "ebitda": 1353355000000,
    "ebitdaratio": 0.176004121,
    "operatingIncome": 689826000000,
    "operatingIncomeRatio": 0.0897120259,
    "totalOtherIncomeExpensesNet": 372540000000,
    "incomeBeforeTax": 1062365000000,
    "incomeBeforeTaxRatio": 0.1381608063,
    "incomeTaxExpense": 278684000000,
    "netIncome": 777197000000,
    "netIncomeRatio": 0.101074644,
    "eps": 55.59,
    "epsdiluted": 55.59,
    "weightedAverageShsOut": 13979703000,
    "weightedAverageShsOutDil": 13979790000,
    "link": "",
    "finalLink": ""
  },
  {
    "date": "2020-12-31",
    "symbol": "TM",
    "reportedCurrency": "JPY",
    "cik": "0000000000",
    "fillingDate": "2020-12-31",
    "acceptedDate": "2020-12-30 19:00:00",
    "calendarYear": "2021",
    "period": "Q3",
    "revenue": 8150033000000,
    "costOfRevenue": 6493330000000,
    "grossProfit": 1656703000000,
    "grossProfitRatio": 0.2032756186,
    "researchAndDevelopmentExpenses": 0,
    "generalAndAdministrativeExpenses": 0,
    "sellingAndMarketingExpenses": 0,
    "sellingGeneralAndAdministrativeExpenses": 668762000000,
    "otherExpenses": -14249000000,
    "operatingExpenses": 668762000000,
    "costAndExpenses": 7162092000000,
    "interestIncome": 52879000000,
    "interestExpense": 9859000000,
    "depreciationAndAmortization": 407599000000,
    "ebitda": 1395539000000,
    "ebitdaratio": 0.1712310858,
    "operatingIncome": 987941000000,
    "operatingIncomeRatio": 0.1212192638,
    "totalOtherIncomeExpensesNet": 153233000000,
    "incomeBeforeTax": 1141174000000,
    "incomeBeforeTaxRatio": 0.1400207827,
    "incomeTaxExpense": 273666000000,
    "netIncome": 838696000000,
    "netIncomeRatio": 0.102907068,
    "eps": 59.99,
    "epsdiluted": 59.25,
    "weightedAverageShsOut": 13979792000,
    "weightedAverageShsOutDil": 14205214000,
    "link": "",
    "finalLink": ""
  },
  {
    "date": "2020-09-30",
    "symbol": "TM",
    "reportedCurrency": "JPY",
    "cik": "0000000000",
    "fillingDate": "2020-09-30",
    "acceptedDate": "2020-09-29 20:00:00",
    "calendarYear": "2021",
    "period": "Q2",
    "revenue": 6774427000000,
    "costOfRevenue": 5626280000000,
    "grossProfit": 1148147000000,
    "grossProfitRatio": 0.169482526,
    "researchAndDevelopmentExpenses": 0,
    "generalAndAdministrativeExpenses": 0,
    "sellingAndMarketingExpenses": 0,
    "sellingGeneralAndAdministrativeExpenses": 642086000000,
    "otherExpenses": -3706000000,
    "operatingExpenses": 642086000000,
    "costAndExpenses": 6268366000000,
    "interestIncome": 53185000000,
    "interestExpense": 13225000000,
    "depreciationAndAmortization": 412544000000,
    "ebitda": 918605000000,
    "ebitdaratio": 0.1355989222,
    "operatingIncome": 506061000000,
    "operatingIncomeRatio": 0.0747016685,
    "totalOtherIncomeExpensesNet": 104521000000,
    "incomeBeforeTax": 610582000000,
    "incomeBeforeTaxRatio": 0.0901304273,
    "incomeTaxExpense": 128841000000,
    "netIncome": 470525000000,
    "netIncomeRatio": 0.0694560588,
    "eps": 33.66,
    "epsdiluted": 33.34,
    "weightedAverageShsOut": 13979807000,
    "weightedAverageShsOutDil": 14215197000,
    "link": "",
    "finalLink": ""
  },
  {
    "date": "2020-06-30",
    "symbol": "TM",
    "reportedCurrency": "JPY",
    "cik": "0000000000",
    "fillingDate": "2020-06-30",
    "acceptedDate": "2020-06-29 20:00:00",
    "calendarYear": "2021",
    "period": "Q1",
    "revenue": 4600796000000,
    "costOfRevenue": 4051368000000,
    "grossProfit": 549428000000,
    "grossProfitRatio": 0.1194202047,
    "researchAndDevelopmentExpenses": 0,
    "generalAndAdministrativeExpenses": 0,
    "sellingAndMarketingExpenses": 0,
    "sellingGeneralAndAdministrativeExpenses": 535508000000,
    "otherExpenses": 3599000000,
    "operatingExpenses": 535508000000,
    "costAndExpenses": 4586876000000,
    "interestIncome": 114789000000,
    "interestExpense": 10012000000,
    "depreciationAndAmortization": 398044000000,
    "ebitda": 411964000000,
    "ebitdaratio": 0.0895418967,
    "operatingIncome": 13920000000,
    "operatingIncomeRatio": 0.0030255634,
    "totalOtherIncomeExpensesNet": 104313000000,
    "incomeBeforeTax": 118233000000,
    "incomeBeforeTaxRatio": 0.0256983792,
    "incomeTaxExpense": -31214000000,
    "netIncome": 158843000000,
    "netIncomeRatio": 0.0345251126,
    "eps": 11.37,
    "epsdiluted": 11.37,
    "weightedAverageShsOut": 13966368470,
    "weightedAverageShsOutDil": 13966368470,
    "link": "",
    "finalLink": ""
  },
  {
    "date": "2020-03-31",
    "symbol": "TM",
    "reportedCurrency": "JPY",
    "cik": "0000000000",
    "fillingDate": "2020-03-31",
    "acceptedDate": "2020-03-30 20:00:00",
    "calendarYear": "2020",
    "period": "Q4",
    "revenue": 7099828000000,
    "costOfRevenue": 5879214000000,
    "grossProfit": 1220614000000,
    "grossProfitRatio": 0.1719216297,
    "researchAndDevelopmentExpenses": 1096019000000,
    "generalAndAdministrativeExpenses": 0,
    "sellingAndMarketingExpenses": 0,
    "sellingGeneralAndAdministrativeExpenses": 836528000000,
    "otherExpenses": 50387000000,
    "operatingExpenses": 836528000000,
    "costAndExpenses": 6715742000000,
    "interestIncome": 40039000000,
    "interestExpense": 13902000000,
    "depreciationAndAmortization": 411613000000,
    "ebitda": 464343000000,
    "ebitdaratio": 0.0654020069,
    "operatingIncome": 384086000000,
    "operatingIncomeRatio": 0.0540979303,
    "totalOtherIncomeExpensesNet": -345258000000,
    "incomeBeforeTax": 38828000000,
    "incomeBeforeTaxRatio": 0.0054688649,
    "incomeTaxExpense": -57119000000,
    "netIncome": 63173000000,
    "netIncomeRatio": 0.0088978212,
    "eps": 4.51,
    "epsdiluted": 4.51,
    "weightedAverageShsOut": 13869955000,
    "weightedAverageShsOutDil": 14009225162,
    "link": "",
    "finalLink": ""
  }
]