[
  {
    "date": "2024-12-31",
    "symbol": "CAT",
    "reportedCurrency": "USD",
    "cik": "0000018230",
    "fillingDate": "2025-02-14",
    "acceptedDate": "2025-02-14 09:36:30",
    "calendarYear": "2024",
    "period": "FY",
    "revenue": 64809000000,
    "costOfRevenue": 41485000000,
    "grossProfit": 23324000000,
    "grossProfitRatio": 0.3598882871,
    "researchAndDevelopmentExpenses": 2107000000,
    "generalAndAdministrativeExpenses": 0,
    "sellingAndMarketingExpenses": 0,
    "sellingGeneralAndAdministrativeExpenses": 6667000000,
    "otherExpenses": 1478000000,
    "operatingExpenses": 10252000000,
    "costAndExpenses": 51737000000,
    "interestIncome": 482000000,
    "interestExpense": 512000000,
    "depreciationAndAmortization": 2153000000,
    "ebitda": 16038000000,
    "ebitdaratio": 0.2474656298,
    "operatingIncome": 13072000000,
    "operatingIncomeRatio": 0.2017003811,
    "totalOtherIncomeExpensesNet": 301000000,
    "incomeBeforeTax": 13373000000,
    "incomeBeforeTaxRatio": 0.2063447978,
    "incomeTaxExpense": 2629000000,
    "netIncome": 10792000000,
    "netIncomeRatio": 0.1665200821,
    "eps": 22.17,
    "epsdiluted": 22.17,
    "weightedAverageShsOut": 486700000,
    "weightedAverageShsOutDil": 486700000,
    "link": "https://www.sec.gov/Archives/edgar/data/18230/000001823025000008/0000018230-25-000008-index.htm",
    "finalLink": "https://www.sec.gov/Archives/edgar/data/18230/000001823025000008/cat-20241231.htm"
  },
  {
    "date": "2023-12-31",
    "symbol": "CAT",
    "reportedCurrency": "USD",
    "cik": "0000018230",
    "fillingDate": "2024-02-16",
    "acceptedDate": "2024-02-16 10:05:13",
    "calendarYear": "2023",
    "period": "FY",
    "revenue": 67060000000,
    "costOfRevenue": 43797000000,
    "grossProfit": 23263000000,
    "grossProfitRatio": 0.3468983,
    "researchAndDevelopmentExpenses": 2108000000,
    "generalAndAdministrativeExpenses": 0,
    "sellingAndMarketingExpenses": 0,
    "sellingGeneralAndAdministrativeExpenses": 6371000000,
    "otherExpenses": 1818000000,
    "operatingExpenses": 10297000000,
    "costAndExpenses": 54094000000,
    "interestIncome": 494000000,
    "interestExpense": 511000000,
    "depreciationAndAmortization": 2144000000,
    "ebitda": 15705000000,
    "ebitdaratio": 0.2341932598,
    "operatingIncome": 12966000000,
    "operatingIncomeRatio": 0.1933492395,
    "totalOtherIncomeExpensesNet": 84000000,
    "incomeBeforeTax": 13050000000,
    "incomeBeforeTaxRatio": 0.1946018491,
    "incomeTaxExpense": 2781000000,
    "netIncome": 10335000000,
    "netIncomeRatio": 0.1541157173,
    "eps": 20.24,
    "epsdiluted": 20.12,
    "weightedAverageShsOut": 510600000,
    "weightedAverageShsOutDil": 513600000,
    "link": "https://www.sec.gov/Archives/edgar/data/18230/000001823024000009/0000018230-24-000009-index.htm",
    "finalLink": "https://www.sec.gov/Archives/edgar/data/18230/000001823024000009/cat-20231231.htm"
  },
  {
    "date": "2022-12-31",
    "symbol": "CAT",
    "reportedCurrency": "USD",
    "cik": "0000018230",
    "fillingDate": "2023-02-15",
    "acceptedDate": "2023-02-15 10:27:56",
    "calendarYear": "2022",
    "period": "FY",
    "revenue": 59427000000,
    "costOfRevenue": 41915000000,
    "grossProfit": 17512000000,
    "grossProfitRatio": 0.294680869,
    "researchAndDevelopmentExpenses": 1814000000,
    "generalAndAdministrativeExpenses": 0,
    "sellingAndMarketingExpenses": 0,
    "sellingGeneralAndAdministrativeExpenses": 5651000000,
    "otherExpenses": 1218000000,
    "operatingExpenses": 8683000000,
    "costAndExpenses": 50598000000,
    "interestIncome": 167000000,
    "interestExpense": 443000000,
    "depreciationAndAmortization": 2219000000,
    "ebitda": 11974000000,
    "ebitdaratio": 0.2014909048,
    "operatingIncome": 7904000000,
    "operatingIncomeRatio": 0.1330035169,
    "totalOtherIncomeExpensesNet": 848000000,
    "incomeBeforeTax": 8752000000,
    "incomeBeforeTaxRatio": 0.147273125,
    "incomeTaxExpense": 2067000000,
    "netIncome": 6705000000,
    "netIncomeRatio": 0.1128275027,
    "eps": 12.73,
    "epsdiluted": 12.64,
    "weightedAverageShsOut": 526900000,
    "weightedAverageShsOutDil": 530400000,
    "link": "https://www.sec.gov/Archives/edgar/data/18230/000001823023000011/0000018230-23-000011-index.htm",
    "finalLink": "https://www.sec.gov/Archives/edgar/data/18230/000001823023000011/cat-20221231.htm"
  },
  {
    "date": "2021-12-31",
    "symbol": "CAT",
    "reportedCurrency": "USD",
    "cik": "0000018230",
    "fillingDate": "2022-02-16",
    "acceptedDate": "2022-02-16 10:50:47",
    "calendarYear": "2021",
    "period": "FY",
    "revenue": 50971000000,
    "costOfRevenue": 35968000000,
    "grossProfit": 15003000000,
    "grossProfitRatio": 0.2943438426,
    "researchAndDevelopmentExpenses": 1686000000,
    "generalAndAdministrativeExpenses": 0,
    "sellingAndMarketingExpenses": 0,
    "sellingGeneralAndAdministrativeExpenses": 5365000000,
    "otherExpenses": 1074000000,
    "operatingExpenses": 8125000000,
    "costAndExpenses": 44093000000,
    "interestIncome": 80000000,
    "interestExpense": 488000000,
    "depreciationAndAmortization": 2352000000,
    "ebitda": 10627000000,
    "ebitdaratio": 0.2084911028,
    "operatingIncome": 6878000000,
    "operatingIncomeRatio": 0.1349394754,
    "totalOtherIncomeExpensesNet": 1326000000,
    "incomeBeforeTax": 8204000000,
    "incomeBeforeTaxRatio": 0.1609542681,
    "incomeTaxExpense": 1742000000,
    "netIncome": 6489000000,
    "netIncomeRatio": 0.1273076848,
    "eps": 11.93,
    "epsdiluted": 11.83,
    "weightedAverageShsOut": 544000000,
    "weightedAverageShsOutDil": 548500000,
    "link": "https://www.sec.gov/Archives/edgar/data/18230/000001823022000050/0000018230-22-000050-index.htm",
    "finalLink": "https://www.sec.gov/Archives/edgar/data/18230/000001823022000050/cat-20211231.htm"
  },
  {
    "date": "2020-12-31",
    "symbol": "CAT",
    "reportedCurrency": "USD",
    "cik": "0000018230",
    "fillingDate": "2021-02-17",
    "acceptedDate": "2021-02-17 10:41:38",
    "calendarYear": "2020",
    "period": "FY",
    "revenue": 41748000000,
    "costOfRevenue": 29671000000,
    "grossProfit": 12077000000,
    "grossProfitRatio": 0.289283319,
    "researchAndDevelopmentExpenses": 1415000000,
    "generalAndAdministrativeExpenses": 0,
    "sellingAndMarketingExpenses": 0,
    "sellingGeneralAndAdministrativeExpenses": 4642000000,
    "otherExpenses": 1467000000,
    "operatingExpenses": 7524000000,
    "costAndExpenses": 37195000000,
    "interestIncome": 112000000,
    "interestExpense": 514000000,
    "depreciationAndAmortization": 2432000000,
    "ebitda": 7267000000,
    "ebitdaratio": 0.1740682188,
    "operatingIncome": 4553000000,
    "operatingIncomeRatio": 0.1090591166,
    "totalOtherIncomeExpensesNet": -558000000,
    "incomeBeforeTax": 3995000000,
    "incomeBeforeTaxRatio": 0.0956932069,
    "incomeTaxExpense": 1006000000,
    "netIncome": 2998000000,
    "netIncomeRatio": 0.0718118233,
    "eps": 5.51,
    "epsdiluted": 5.46,
    "weightedAverageShsOut": 544100000,
    "weightedAverageShsOutDil": 548600000,
    "link": "https://www.sec.gov/Archives/edgar/data/18230/000001823021000063/0000018230-21-000063-index.htm",
    "finalLink": "https://www.sec.gov/Archives/edgar/data/18230/000001823021000063/cat-20201231.htm"
  },
  {
    "date": "2019-12-31",
    "symbol": "CAT",
    "reportedCurrency": "USD",
    "cik": "0000018230",
    "fillingDate": "2020-02-19",
    "acceptedDate": "2020-02-19 14:12:34",
    "calendarYear": "2019",
    "period": "FY",
    "revenue": 53800000000,
    "costOfRevenue": 37384000000,
    "grossProfit": 16416000000,
    "grossProfitRatio": 0.3051301115,
    "researchAndDevelopmentExpenses": 1693000000,
    "generalAndAdministrativeExpenses": 0,
    "sellingAndMarketingExpenses": 0,
    "sellingGeneralAndAdministrativeExpenses": 5162000000,
    "otherExpenses": 1271000000,
    "operatingExpenses": 8126000000,
    "costAndExpenses": 45510000000,
    "interestIncome": 202000000,
    "interestExpense": 421000000,
    "depreciationAndAmortization": 2577000000,
    "ebitda": 10690000000,
    "ebitdaratio": 0.1986988848,
    "operatingIncome": 8290000000,
    "operatingIncomeRatio": 0.1540892193,
    "totalOtherIncomeExpensesNet": -478000000,
    "incomeBeforeTax": 7812000000,
    "incomeBeforeTaxRatio": 0.145204461,
    "incomeTaxExpense": 1746000000,
    "netIncome": 6093000000,
    "netIncomeRatio": 0.1132527881,
    "eps": 10.85,
    "epsdiluted": 10.74,
    "weightedAverageShsOut": 561600000,
    "weightedAverageShsOutDil": 567500000,
    "link": "https://www.sec.gov/Archives/edgar/data/18230/000001823020000056/0000018230-20-000056-index.htm",
    "finalLink": "https://www.sec.gov/Archives/edgar/data/18230/000001823020000056/cat10-k12312019.htm"
  },
  {
    "date": "2018-12-31",
    "symbol": "CAT",
    "reportedCurrency": "USD",
    "cik": "0000018230",
    "fillingDate": "2019-02-14",
    "acceptedDate": "2019-02-14 13:25:13",
    "calendarYear": "2018",
    "period": "FY",
    "revenue": 54722000000,
    "costOfRevenue": 37719000000,
    "grossProfit": 17003000000,
    "grossProfitRatio": 0.3107159826,
    "researchAndDevelopmentExpenses": 1850000000,
    "generalAndAdministrativeExpenses": 0,
    "sellingAndMarketingExpenses": 0,
    "sellingGeneralAndAdministrativeExpenses": 5478000000,
    "otherExpenses": -67000000,
    "operatingExpenses": 8710000000,
    "costAndExpenses": 46429000000,
    "interestIncome": 195000000,
    "interestExpense": 404000000,
    "depreciationAndAmortization": 2766000000,
    "ebitda": 11102000000,
    "ebitdaratio": 0.2028800117,
    "operatingIncome": 8290000000,
    "operatingIncomeRatio": 0.151493001,
    "totalOtherIncomeExpensesNet": -471000000,
    "incomeBeforeTax": 7822000000,
    "incomeBeforeTaxRatio": 0.142940682,
    "incomeTaxExpense": 1698000000,
    "netIncome": 6147000000,
    "netIncomeRatio": 0.1123314206,
    "eps": 10.39,
    "epsdiluted": 10.26,
    "weightedAverageShsOut": 591400000,
    "weightedAverageShsOutDil": 599400000,
    "link": "https://www.sec.gov/Archives/edgar/data/18230/000001823019000034/0000018230-19-000034-index.htm",
    "finalLink": "https://www.sec.gov/Archives/edgar/data/18230/000001823019000034/cat_10-kx12312018.htm"
  },
  {
    "date": "2017-12-31",
    "symbol": "CAT",
    "reportedCurrency": "USD",
    "cik": "0000018230",
    "fillingDate": "2018-02-15",
    "acceptedDate": "2018-02-15 12:14:45",
    "calendarYear": "2017",
    "period": "FY",
    "revenue": 45462000000,
    "costOfRevenue": 31695000000,
    "grossProfit": 13767000000,
    "grossProfitRatio": 0.3028243368,
    "researchAndDevelopmentExpenses": 1905000000,
    "generalAndAdministrativeExpenses": 0,
    "sellingAndMarketingExpenses": 0,
    "sellingGeneralAndAdministrativeExpenses": 5177000000,
    "otherExpenses": 207000000,
    "operatingExpenses": 9361000000,
    "costAndExpenses": 41056000000,
    "interestIncome": 122000000,
    "interestExpense": 531000000,
    "depreciationAndAmortization": 2878000000,
    "ebitda": 7482000000,
    "ebitdaratio": 0.1645770094,
    "operatingIncome": 4406000000,
    "operatingIncomeRatio": 0.0969161058,
    "totalOtherIncomeExpensesNet": -378000000,
    "incomeBeforeTax": 4082000000,
    "incomeBeforeTaxRatio": 0.0897892746,
    "incomeTaxExpense": 3339000000,
    "netIncome": 754000000,
    "netIncomeRatio": 0.01658528,
    "eps": 1.27,
    "epsdiluted": 1.26,
    "weightedAverageShsOut": 591800000,
    "weightedAverageShsOutDil": 599300000,
    "link": "https://www.sec.gov/Archives/edgar/data/18230/000001823018000042/0000018230-18-000042-index.htm",
    "finalLink": "https://www.sec.gov/Archives/edgar/data/18230/000001823018000042/cat_10-kx12312017.htm"
  },
  {
    "date": "2016-12-31",
    "symbol": "CAT",
    "reportedCurrency": "USD",
    "cik": "0000018230",
    "fillingDate": "2017-02-15",
    "acceptedDate": "2017-02-15 13:45:35",
    "calendarYear": "2016",
    "period": "FY",
    "revenue": 38537000000,
    "costOfRevenue": 28905000000,
    "grossProfit": 9632000000,
    "grossProfitRatio": 0.2499416146,
    "researchAndDevelopmentExpenses": 1951000000,
    "generalAndAdministrativeExpenses": 0,
    "sellingAndMarketingExpenses": 0,
    "sellingGeneralAndAdministrativeExpenses": 4686000000,
    "otherExpenses": 146000000,
    "operatingExpenses": 8539000000,
    "costAndExpenses": 37444000000,
    "interestIncome": 74000000,
    "interestExpense": 505000000,
    "depreciationAndAmortization": 3033000000,
    "ebitda": 3671000000,
    "ebitdaratio": 0.0952591016,
    "operatingIncome": 498000000,
    "operatingIncomeRatio": 0.0129226458,
    "totalOtherIncomeExpensesNet": -1023000000,
    "incomeBeforeTax": 139000000,
    "incomeBeforeTaxRatio": 0.0036069232,
    "incomeTaxExpense": 192000000,
    "netIncome": -67000000,
    "netIncomeRatio": -0.0017385889,
    "eps": -0.11,
    "epsdiluted": -0.11,
    "weightedAverageShsOut": 584300000,
    "weightedAverageShsOutDil": 584300000,
    "link": "https://www.sec.gov/Archives/edgar/data/18230/000001823017000041/0000018230-17-000041-index.htm",
    "finalLink": "https://www.sec.gov/Archives/edgar/data/18230/000001823017000041/cat_10-kx12312016.htm"
  },
  {
    "date": "2015-12-31",
    "symbol": "CAT",
    "reportedCurrency": "USD",
    "cik": "0000018230",
    "fillingDate": "2016-02-16",
    "acceptedDate": "2016-02-16 11:20:14",
    "calendarYear": "2015",
    "period": "FY",
    "revenue": 47011000000,
    "costOfRevenue": 34133000000,
    "grossProfit": 12878000000,
    "grossProfitRatio": 0.2739358873,
    "researchAndDevelopmentExpenses": 2119000000,
    "generalAndAdministrativeExpenses": 0,
    "sellingAndMarketingExpenses": 0,
    "sellingGeneralAndAdministrativeExpenses": 4951000000,
    "otherExpenses": 93000000,
    "operatingExpenses": 9093000000,
    "costAndExpenses": 43226000000,
    "interestIncome": 65000000,
    "interestExpense": 507000000,
    "depreciationAndAmortization": 3046000000,
    "ebitda": 7705000000,
    "ebitdaratio": 0.1638978112,
    "operatingIncome": 3785000000,
    "operatingIncomeRatio": 0.0805130714,
    "totalOtherIncomeExpensesNet": -346000000,
    "incomeBeforeTax": 3439000000,
    "incomeBeforeTaxRatio": 0.0731530918,
    "incomeTaxExpense": 916000000,
    "netIncome": 2512000000,
    "netIncomeRatio": 0.0534343026,
    "eps": 4.23,
    "epsdiluted": 4.18,
    "weightedAverageShsOut": 594300000,
    "weightedAverageShsOutDil": 601300000,
    "link": "https://www.sec.gov/Archives/edgar/data/18230/000001823016000410/0000018230-16-000410-index.htm",
    "finalLink": "https://www.sec.gov/Archives/edgar/data/18230/000001823016000410/cat_10-kx12312015.htm"
  }
]