[
  {
    "date": "2024-12-31",
    "symbol": "CAT",
    "reportedCurrency": "USD",
    "cik": "0000018230",
    "fillingDate": "2025-02-14",
    "acceptedDate": "2025-02-14 09:36:30",
    "calendarYear": "2024",
    "period": "Q4",
    "revenue": 16215000000,
    "costOfRevenue": 10659000000,
    "grossProfit": 5556000000,
    "grossProfitRatio": 0.3426456984,
    "researchAndDevelopmentExpenses": 519000000,
    "generalAndAdministrativeExpenses": 0,
    "sellingAndMarketingExpenses": 0,
    "sellingGeneralAndAdministrativeExpenses": 1769000000,
    "otherExpenses": 344000000,
    "operatingExpenses": 2632000000,
    "costAndExpenses": 13291000000,
    "interestIncome": 120000000,
    "interestExpense": 107000000,
    "depreciationAndAmortization": 555000000,
    "ebitda": 3905000000,
    "ebitdaratio": 0.2408263953,
    "operatingIncome": 2924000000,
    "operatingIncomeRatio": 0.1803268578,
    "totalOtherIncomeExpensesNet": 319000000,
    "incomeBeforeTax": 3243000000,
    "incomeBeforeTaxRatio": 0.2,
    "incomeTaxExpense": 463000000,
    "netIncome": 2791000000,
    "netIncomeRatio": 0.172124576,
    "eps": 5.76,
    "epsdiluted": 5.73,
    "weightedAverageShsOut": 484200000,
    "weightedAverageShsOutDil": 486700000,
    "link": "https://www.sec.gov/Archives/edgar/data/18230/000001823025000008/0000018230-25-000008-index.htm",
    "finalLink": "https://www.sec.gov/Archives/edgar/data/18230/000001823025000008/cat-20241231.htm"
  },
  {
    "date": "2024-09-30",
    "symbol": "CAT",
    "reportedCurrency": "USD",
    "cik": "0000018230",
    "fillingDate": "2024-11-06",
    "acceptedDate": "2024-11-06 10:40:15",
    "calendarYear": "2024",
    "period": "Q3",
    "revenue": 16106000000,
    "costOfRevenue": 10402000000,
    "grossProfit": 5704000000,
    "grossProfitRatio": 0.3541537315,
    "researchAndDevelopmentExpenses": 533000000,
    "generalAndAdministrativeExpenses": 0,
    "sellingAndMarketingExpenses": 0,
    "sellingGeneralAndAdministrativeExpenses": 1669000000,
    "otherExpenses": 355000000,
    "operatingExpenses": 2557000000,
    "costAndExpenses": 12889000000,
    "interestIncome": 108000000,
    "interestExpense": 125000000,
    "depreciationAndAmortization": 543000000,
    "ebitda": 3734000000,
    "ebitdaratio": 0.2318390662,
    "operatingIncome": 3147000000,
    "operatingIncomeRatio": 0.1953930212,
    "totalOtherIncomeExpensesNet": -49000000,
    "incomeBeforeTax": 3098000000,
    "incomeBeforeTaxRatio": 0.1923506768,
    "incomeTaxExpense": 642000000,
    "netIncome": 2464000000,
    "netIncomeRatio": 0.1529864647,
    "eps": 5.09,
    "epsdiluted": 5.06,
    "weightedAverageShsOut": 484200000,
    "weightedAverageShsOutDil": 486700000,
    "link": "https://www.sec.gov/Archives/edgar/data/18230/000001823024000053/0000018230-24-000053-index.htm",
    "finalLink": "https://www.sec.gov/Archives/edgar/data/18230/000001823024000053/cat-20240930.htm"
  },
  {
    "date": "2024-06-30",
    "symbol": "CAT",
    "reportedCurrency": "USD",
    "cik": "0000018230",
    "fillingDate": "2024-08-07",
    "acceptedDate": "2024-08-07 10:40:25",
    "calendarYear": "2024",
    "period": "Q2",
    "revenue": 16689000000,
    "costOfRevenue": 10454000000,
    "grossProfit": 6235000000,
    "grossProfitRatio": 0.3735993768,
    "researchAndDevelopmentExpenses": 535000000,
    "generalAndAdministrativeExpenses": 0,
    "sellingAndMarketingExpenses": 0,
    "sellingGeneralAndAdministrativeExpenses": 1652000000,
    "otherExpenses": -308000000,
    "operatingExpenses": 2495000000,
    "costAndExpenses": 12949000000,
    "interestIncome": 118000000,
    "interestExpense": 137000000,
    "depreciationAndAmortization": 531000000,
    "ebitda": 4590000000,
    "ebitdaratio": 0.2750314578,
    "operatingIncome": 3740000000,
    "operatingIncomeRatio": 0.2240997064,
    "totalOtherIncomeExpensesNet": 18000000,
    "incomeBeforeTax": 3500000000,
    "incomeBeforeTaxRatio": 0.2097189766,
    "incomeTaxExpense": 836000000,
    "netIncome": 2681000000,
    "netIncomeRatio": 0.1606447361,
    "eps": 5.5,
    "epsdiluted": 5.48,
    "weightedAverageShsOut": 487200000,
    "weightedAverageShsOutDil": 489500000,
    "link": "https://www.sec.gov/Archives/edgar/data/18230/000001823024000045/0000018230-24-000045-index.htm",
    "finalLink": "https://www.sec.gov/Archives/edgar/data/18230/000001823024000045/cat-20240630.htm"
  },
  {
    "date": "2024-03-31",
    "symbol": "CAT",
    "reportedCurrency": "USD",
    "cik": "0000018230",
    "fillingDate": "2024-05-01",
    "acceptedDate": "2024-05-01 10:05:24",
    "calendarYear": "2024",
    "period": "Q1",
    "revenue": 15799000000,
    "costOfRevenue": 9922000000,
    "grossProfit": 5877000000,
    "grossProfitRatio": 0.3719855687,
    "researchAndDevelopmentExpenses": 520000000,
    "generalAndAdministrativeExpenses": 0,
    "sellingAndMarketingExpenses": 0,
    "sellingGeneralAndAdministrativeExpenses": 1577000000,
    "otherExpenses": -267000000,
    "operatingExpenses": 2364000000,
    "costAndExpenses": 12286000000,
    "interestIncome": 136000000,
    "interestExpense": 143000000,
    "depreciationAndAmortization": 524000000,
    "ebitda": 4025000000,
    "ebitdaratio": 0.2547629597,
    "operatingIncome": 3513000000,
    "operatingIncomeRatio": 0.2223558453,
    "totalOtherIncomeExpensesNet": 13000000,
    "incomeBeforeTax": 3532000000,
    "incomeBeforeTaxRatio": 0.2235584531,
    "incomeTaxExpense": 688000000,
    "netIncome": 2856000000,
    "netIncomeRatio": 0.1807709349,
    "eps": 5.78,
    "epsdiluted": 5.75,
    "weightedAverageShsOut": 493900000,
    "weightedAverageShsOutDil": 496900000,
    "link": "https://www.sec.gov/Archives/edgar/data/18230/000001823024000020/0000018230-24-000020-index.htm",
    "finalLink": "https://www.sec.gov/Archives/edgar/data/18230/000001823024000020/cat-20240331.htm"
  },
  {
    "date": "2023-12-31",
    "symbol": "CAT",
    "reportedCurrency": "USD",
    "cik": "0000018230",
    "fillingDate": "2024-02-16",
    "acceptedDate": "2024-02-16 10:05:13",
    "calendarYear": "2023",
    "period": "Q4",
    "revenue": 17070000000,
    "costOfRevenue": 11304000000,
    "grossProfit": 5766000000,
    "grossProfitRatio": 0.3377855888,
    "researchAndDevelopmentExpenses": 554000000,
    "generalAndAdministrativeExpenses": 0,
    "sellingAndMarketingExpenses": 0,
    "sellingGeneralAndAdministrativeExpenses": 1756000000,
    "otherExpenses": -322000000,
    "operatingExpenses": 2632000000,
    "costAndExpenses": 13936000000,
    "interestIncome": 170000000,
    "interestExpense": 126000000,
    "depreciationAndAmortization": 545000000,
    "ebitda": 3920000000,
    "ebitdaratio": 0.2296426479,
    "operatingIncome": 3134000000,
    "operatingIncomeRatio": 0.1835969537,
    "totalOtherIncomeExpensesNet": 115000000,
    "incomeBeforeTax": 3249000000,
    "incomeBeforeTaxRatio": 0.1903339192,
    "incomeTaxExpense": 587000000,
    "netIncome": 2676000000,
    "netIncomeRatio": 0.1567662566,
    "eps": 5.31,
    "epsdiluted": 5.28,
    "weightedAverageShsOut": 504400000,
    "weightedAverageShsOutDil": 507000000,
    "link": "https://www.sec.gov/Archives/edgar/data/18230/000001823024000009/0000018230-24-000009-index.htm",
    "finalLink": "https://www.sec.gov/Archives/edgar/data/18230/000001823024000009/cat-20231231.htm"
  },
  {
    "date": "2023-09-30",
    "symbol": "CAT",
    "reportedCurrency": "USD",
    "cik": "0000018230",
    "fillingDate": "2023-11-01",
    "acceptedDate": "2023-11-01 10:03:02",
    "calendarYear": "2023",
    "period": "Q3",
    "revenue": 16810000000,
    "costOfRevenue": 10863000000,
    "grossProfit": 5947000000,
    "grossProfitRatio": 0.3537775134,
    "researchAndDevelopmentExpenses": 554000000,
    "generalAndAdministrativeExpenses": 0,
    "sellingAndMarketingExpenses": 0,
    "sellingGeneralAndAdministrativeExpenses": 1624000000,
    "otherExpenses": 195000000,
    "operatingExpenses": 2498000000,
    "costAndExpenses": 13361000000,
    "interestIncome": 135000000,
    "interestExpense": 129000000,
    "depreciationAndAmortization": 525000000,
    "ebitda": 3962000000,
    "ebitdaratio": 0.2356930399,
    "operatingIncome": 3449000000,
    "operatingIncomeRatio": 0.2051754908,
    "totalOtherIncomeExpensesNet": 66000000,
    "incomeBeforeTax": 3515000000,
    "incomeBeforeTaxRatio": 0.2091017252,
    "incomeTaxExpense": 734000000,
    "netIncome": 2794000000,
    "netIncomeRatio": 0.1662105889,
    "eps": 5.48,
    "epsdiluted": 5.45,
    "weightedAverageShsOut": 509800000,
    "weightedAverageShsOutDil": 512600000,
    "link": "https://www.sec.gov/Archives/edgar/data/18230/000001823023000056/0000018230-23-000056-index.htm",
    "finalLink": "https://www.sec.gov/Archives/edgar/data/18230/000001823023000056/cat-20230930.htm"
  },
  {
    "date": "2023-06-30",
    "symbol": "CAT",
    "reportedCurrency": "USD",
    "cik": "0000018230",
    "fillingDate": "2023-08-02",
    "acceptedDate": "2023-08-02 10:16:35",
    "calendarYear": "2023",
    "period": "Q2",
    "revenue": 17318000000,
    "costOfRevenue": 11310000000,
    "grossProfit": 6008000000,
    "grossProfitRatio": 0.3469222774,
    "researchAndDevelopmentExpenses": 528000000,
    "generalAndAdministrativeExpenses": 0,
    "sellingAndMarketingExpenses": 0,
    "sellingGeneralAndAdministrativeExpenses": 1528000000,
    "otherExpenses": 127000000,
    "operatingExpenses": 2356000000,
    "costAndExpenses": 13666000000,
    "interestIncome": 96000000,
    "interestExpense": 127000000,
    "depreciationAndAmortization": 542000000,
    "ebitda": 4421000000,
    "ebitdaratio": 0.25528352,
    "operatingIncome": 3652000000,
    "operatingIncomeRatio": 0.2108788544,
    "totalOtherIncomeExpensesNet": 0,
    "incomeBeforeTax": 3652000000,
    "incomeBeforeTaxRatio": 0.2108788544,
    "incomeTaxExpense": 752000000,
    "netIncome": 2922000000,
    "netIncomeRatio": 0.1687261809,
    "eps": 5.7,
    "epsdiluted": 5.67,
    "weightedAverageShsOut": 512900000,
    "weightedAverageShsOutDil": 515000000,
    "link": "https://www.sec.gov/Archives/edgar/data/18230/000001823023000047/0000018230-23-000047-index.htm",
    "finalLink": "https://www.sec.gov/Archives/edgar/data/18230/000001823023000047/cat-20230630.htm"
  },
  {
    "date": "2023-03-31",
    "symbol": "CAT",
    "reportedCurrency": "USD",
    "cik": "0000018230",
    "fillingDate": "2023-05-03",
    "acceptedDate": "2023-05-03 10:19:47",
    "calendarYear": "2023",
    "period": "Q1",
    "revenue": 15862000000,
    "costOfRevenue": 10320000000,
    "grossProfit": 5542000000,
    "grossProfitRatio": 0.3493884756,
    "researchAndDevelopmentExpenses": 472000000,
    "generalAndAdministrativeExpenses": 0,
    "sellingAndMarketingExpenses": 0,
    "sellingGeneralAndAdministrativeExpenses": 1463000000,
    "otherExpenses": 876000000,
    "operatingExpenses": 2811000000,
    "costAndExpenses": 13131000000,
    "interestIncome": 93000000,
    "interestExpense": 129000000,
    "depreciationAndAmortization": 532000000,
    "ebitda": 3829000000,
    "ebitdaratio": 0.2413945278,
    "operatingIncome": 2731000000,
    "operatingIncomeRatio": 0.1721724877,
    "totalOtherIncomeExpensesNet": -97000000,
    "incomeBeforeTax": 2634000000,
    "incomeBeforeTaxRatio": 0.1660572437,
    "incomeTaxExpense": 708000000,
    "netIncome": 1943000000,
    "netIncomeRatio": 0.1224940108,
    "eps": 3.76,
    "epsdiluted": 3.74,
    "weightedAverageShsOut": 516200000,
    "weightedAverageShsOutDil": 519400000,
    "link": "https://www.sec.gov/Archives/edgar/data/18230/000001823023000022/0000018230-23-000022-index.htm",
    "finalLink": "https://www.sec.gov/Archives/edgar/data/18230/000001823023000022/cat-20230331.htm"
  },
  {
    "date": "2022-12-31",
    "symbol": "CAT",
    "reportedCurrency": "USD",
    "cik": "0000018230",
    "fillingDate": "2023-02-15",
    "acceptedDate": "2023-02-15 10:27:56",
    "calendarYear": "2022",
    "period": "Q4",
    "revenue": 16597000000,
    "costOfRevenue": 11802000000,
    "grossProfit": 4795000000,
    "grossProfitRatio": 0.2889076339,
    "researchAndDevelopmentExpenses": 401000000,
    "generalAndAdministrativeExpenses": 0,
    "sellingAndMarketingExpenses": 0,
    "sellingGeneralAndAdministrativeExpenses": 1479000000,
    "otherExpenses": 1235000000,
    "operatingExpenses": 3115000000,
    "costAndExpenses": 14917000000,
    "interestIncome": 69000000,
    "interestExpense": 117000000,
    "depreciationAndAmortization": 558000000,
    "ebitda": 3850000000,
    "ebitdaratio": 0.2319696331,
    "operatingIncome": 1680000000,
    "operatingIncomeRatio": 0.1012231126,
    "totalOtherIncomeExpensesNet": 419000000,
    "incomeBeforeTax": 2099000000,
    "incomeBeforeTaxRatio": 0.1264686389,
    "incomeTaxExpense": 644000000,
    "netIncome": 1454000000,
    "netIncomeRatio": 0.0876061939,
    "eps": 2.81,
    "epsdiluted": 2.79,
    "weightedAverageShsOut": 517400000,
    "weightedAverageShsOutDil": 520900000,
    "link": "https://www.sec.gov/Archives/edgar/data/18230/000001823023000011/0000018230-23-000011-index.htm",
    "finalLink": "https://www.sec.gov/Archives/edgar/data/18230/000001823023000011/cat-20221231.htm"
  },
  {
    "date": "2022-09-30",
    "symbol": "CAT",
    "reportedCurrency": "USD",
    "cik": "0000018230",
    "fillingDate": "2022-11-02",
    "acceptedDate": "2022-11-02 10:37:08",
    "calendarYear": "2022",
    "period": "Q3",
    "revenue": 14994000000,
    "costOfRevenue": 10353000000,
    "grossProfit": 4641000000,
    "grossProfitRatio": 0.3095238095,
    "researchAndDevelopmentExpenses": 476000000,
    "generalAndAdministrativeExpenses": 0,
    "sellingAndMarketingExpenses": 0,
    "sellingGeneralAndAdministrativeExpenses": 1401000000,
    "otherExpenses": 242000000,
    "operatingExpenses": 2216000000,
    "costAndExpenses": 12569000000,
    "interestIncome": 52000000,
    "interestExpense": 109000000,
    "depreciationAndAmortization": 551000000,
    "ebitda": 3218000000,
    "ebitdaratio": 0.214619181,
    "operatingIncome": 2425000000,
    "operatingIncomeRatio": 0.1617313592,
    "totalOtherIncomeExpensesNet": 133000000,
    "incomeBeforeTax": 2558000000,
    "incomeBeforeTaxRatio": 0.170601574,
    "incomeTaxExpense": 527000000,
    "netIncome": 2041000000,
    "netIncomeRatio": 0.1361211151,
    "eps": 3.89,
    "epsdiluted": 3.87,
    "weightedAverageShsOut": 525000000,
    "weightedAverageShsOutDil": 527600000,
    "link": "https://www.sec.gov/Archives/edgar/data/18230/000001823022000223/0000018230-22-000223-index.htm",
    "finalLink": "https://www.sec.gov/Archives/edgar/data/18230/000001823022000223/cat-20220930.htm"
  },
  {
    "date": "2022-06-30",
    "symbol": "CAT",
    "reportedCurrency": "USD",
    "cik": "0000018230",
    "fillingDate": "2022-08-03",
    "acceptedDate": "2022-08-03 10:25:33",
    "calendarYear": "2022",
    "period": "Q2",
    "revenue": 14247000000,
    "costOfRevenue": 10095000000,
    "grossProfit": 4152000000,
    "grossProfitRatio": 0.2914297747,
    "researchAndDevelopmentExpenses": 480000000,
    "generalAndAdministrativeExpenses": 0,
    "sellingAndMarketingExpenses": 0,
    "sellingGeneralAndAdministrativeExpenses": 1425000000,
    "otherExpenses": 303000000,
    "operatingExpenses": 2208000000,
    "costAndExpenses": 12303000000,
    "interestIncome": 25000000,
    "interestExpense": 108000000,
    "depreciationAndAmortization": 553000000,
    "ebitda": 2757000000,
    "ebitdaratio": 0.1935144241,
    "operatingIncome": 1944000000,
    "operatingIncomeRatio": 0.1364497789,
    "totalOtherIncomeExpensesNet": 152000000,
    "incomeBeforeTax": 2096000000,
    "incomeBeforeTaxRatio": 0.1471186917,
    "incomeTaxExpense": 427000000,
    "netIncome": 1673000000,
    "netIncomeRatio": 0.1174282305,
    "eps": 3.15,
    "epsdiluted": 3.13,
    "weightedAverageShsOut": 531000000,
    "weightedAverageShsOutDil": 534100000,
    "link": "https://www.sec.gov/Archives/edgar/data/18230/000001823022000183/0000018230-22-000183-index.htm",
    "finalLink": "https://www.sec.gov/Archives/edgar/data/18230/000001823022000183/cat-20220630.htm"
  },
  {
    "date": "2022-03-31",
    "symbol": "CAT",
    "reportedCurrency": "USD",
    "cik": "0000018230",
    "fillingDate": "2022-05-04",
    "acceptedDate": "2022-05-04 10:47:23",
    "calendarYear": "2022",
    "period": "Q1",
    "revenue": 13589000000,
    "costOfRevenue": 9665000000,
    "grossProfit": 3924000000,
    "grossProfitRatio": 0.28876297,
    "researchAndDevelopmentExpenses": 457000000,
    "generalAndAdministrativeExpenses": 0,
    "sellingAndMarketingExpenses": 0,
    "sellingGeneralAndAdministrativeExpenses": 1346000000,
    "otherExpenses": 266000000,
    "operatingExpenses": 2069000000,
    "costAndExpenses": 11734000000,
    "interestIncome": 21000000,
    "interestExpense": 109000000,
    "depreciationAndAmortization": 557000000,
    "ebitda": 2665000000,
    "ebitdaratio": 0.1961145044,
    "operatingIncome": 1855000000,
    "operatingIncomeRatio": 0.1365074693,
    "totalOtherIncomeExpensesNet": 144000000,
    "incomeBeforeTax": 1999000000,
    "incomeBeforeTaxRatio": 0.1471042755,
    "incomeTaxExpense": 469000000,
    "netIncome": 1537000000,
    "netIncomeRatio": 0.1131061888,
    "eps": 2.88,
    "epsdiluted": 2.86,
    "weightedAverageShsOut": 534500000,
    "weightedAverageShsOutDil": 538300000,
    "link": "https://www.sec.gov/Archives/edgar/data/18230/000001823022000112/0000018230-22-000112-index.htm",
    "finalLink": "https://www.sec.gov/Archives/edgar/data/18230/000001823022000112/cat-20220331.htm"
  },
  {
    "date": "2021-12-31",
    "symbol": "CAT",
    "reportedCurrency": "USD",
    "cik": "0000018230",
    "fillingDate": "2022-02-16",
    "acceptedDate": "2022-02-16 10:50:47",
    "calendarYear": "2021",
    "period": "Q4",
    "revenue": 13798000000,
    "costOfRevenue": 10106000000,
    "grossProfit": 3692000000,
    "grossProfitRatio": 0.2675750109,
    "researchAndDevelopmentExpenses": 439000000,
    "generalAndAdministrativeExpenses": 0,
    "sellingAndMarketingExpenses": 0,
    "sellingGeneralAndAdministrativeExpenses": 1422000000,
    "otherExpenses": 1063000000,
    "operatingExpenses": 2081000000,
    "costAndExpenses": 12187000000,
    "interestIncome": 16000000,
    "interestExpense": 112000000,
    "depreciationAndAmortization": 586000000,
    "ebitda": 3112000000,
    "ebitdaratio": 0.2255399333,
    "operatingIncome": 1611000000,
    "operatingIncomeRatio": 0.1167560516,
    "totalOtherIncomeExpensesNet": 951000000,
    "incomeBeforeTax": 2562000000,
    "incomeBeforeTaxRatio": 0.1856790839,
    "incomeTaxExpense": 429000000,
    "netIncome": 2120000000,
    "netIncomeRatio": 0.1536454559,
    "eps": 3.94,
    "epsdiluted": 3.91,
    "weightedAverageShsOut": 538700000,
    "weightedAverageShsOutDil": 542600000,
    "link": "https://www.sec.gov/Archives/edgar/data/18230/000001823022000050/0000018230-22-000050-index.htm",
    "finalLink": "https://www.sec.gov/Archives/edgar/data/18230/000001823022000050/cat-20211231.htm"
  },
  {
    "date": "2021-09-30",
    "symbol": "CAT",
    "reportedCurrency": "USD",
    "cik": "0000018230",
    "fillingDate": "2021-11-03",
    "acceptedDate": "2021-11-03 15:55:20",
    "calendarYear": "2021",
    "period": "Q3",
    "revenue": 12397000000,
    "costOfRevenue": 8728000000,
    "grossProfit": 3669000000,
    "grossProfitRatio": 0.2959586997,
    "researchAndDevelopmentExpenses": 427000000,
    "generalAndAdministrativeExpenses": 0,
    "sellingAndMarketingExpenses": 0,
    "sellingGeneralAndAdministrativeExpenses": 1340000000,
    "otherExpenses": 225000000,
    "operatingExpenses": 2005000000,
    "costAndExpenses": 10733000000,
    "interestIncome": 20000000,
    "interestExpense": 114000000,
    "depreciationAndAmortization": 593000000,
    "ebitda": 2482000000,
    "ebitdaratio": 0.2002097282,
    "operatingIncome": 1664000000,
    "operatingIncomeRatio": 0.1342260224,
    "totalOtherIncomeExpensesNet": 111000000,
    "incomeBeforeTax": 1775000000,
    "incomeBeforeTaxRatio": 0.1431798016,
    "incomeTaxExpense": 368000000,
    "netIncome": 1426000000,
    "netIncomeRatio": 0.1150278293,
    "eps": 2.62,
    "epsdiluted": 2.6,
    "weightedAverageShsOut": 544000000,
    "weightedAverageShsOutDil": 547600000,
    "link": "https://www.sec.gov/Archives/edgar/data/18230/000001823021000260/0000018230-21-000260-index.htm",
    "finalLink": "https://www.sec.gov/Archives/edgar/data/18230/000001823021000260/cat-20210930.htm"
  },
  {
    "date": "2021-06-30",
    "symbol": "CAT",
    "reportedCurrency": "USD",
    "cik": "0000018230",
    "fillingDate": "2021-08-04",
    "acceptedDate": "2021-08-04 11:06:39",
    "calendarYear": "2021",
    "period": "Q2",
    "revenue": 12889000000,
    "costOfRevenue": 8997000000,
    "grossProfit": 3892000000,
    "grossProfitRatio": 0.3019629141,
    "researchAndDevelopmentExpenses": 446000000,
    "generalAndAdministrativeExpenses": 0,
    "sellingAndMarketingExpenses": 0,
    "sellingGeneralAndAdministrativeExpenses": 1364000000,
    "otherExpenses": 201000000,
    "operatingExpenses": 2103000000,
    "costAndExpenses": 11100000000,
    "interestIncome": 17000000,
    "interestExpense": 120000000,
    "depreciationAndAmortization": 587000000,
    "ebitda": 2525000000,
    "ebitdaratio": 0.1959034836,
    "operatingIncome": 1789000000,
    "operatingIncomeRatio": 0.1388005276,
    "totalOtherIncomeExpensesNet": 81000000,
    "incomeBeforeTax": 1870000000,
    "incomeBeforeTaxRatio": 0.1450849562,
    "incomeTaxExpense": 470000000,
    "netIncome": 1413000000,
    "netIncomeRatio": 0.1096283653,
    "eps": 2.58,
    "epsdiluted": 2.56,
    "weightedAverageShsOut": 547100000,
    "weightedAverageShsOutDil": 547900000,
    "link": "https://www.sec.gov/Archives/edgar/data/18230/000001823021000221/0000018230-21-000221-index.htm",
    "finalLink": "https://www.sec.gov/Archives/edgar/data/18230/000001823021000221/cat-20210630.htm"
  },
  {
    "date": "2021-03-31",
    "symbol": "CAT",
    "reportedCurrency": "USD",
    "cik": "0000018230",
    "fillingDate": "2021-05-05",
    "acceptedDate": "2021-05-05 10:42:43",
    "calendarYear": "2021",
    "period": "Q1",
    "revenue": 11887000000,
    "costOfRevenue": 8137000000,
    "grossProfit": 3750000000,
    "grossProfitRatio": 0.3154706823,
    "researchAndDevelopmentExpenses": 374000000,
    "generalAndAdministrativeExpenses": 0,
    "sellingAndMarketingExpenses": 0,
    "sellingGeneralAndAdministrativeExpenses": 1239000000,
    "otherExpenses": 325000000,
    "operatingExpenses": 1936000000,
    "costAndExpenses": 10073000000,
    "interestIncome": 6000000,
    "interestExpense": 142000000,
    "depreciationAndAmortization": 586000000,
    "ebitda": 2586000000,
    "ebitdaratio": 0.2175485825,
    "operatingIncome": 1814000000,
    "operatingIncomeRatio": 0.1526036847,
    "totalOtherIncomeExpensesNet": 183000000,
    "incomeBeforeTax": 1997000000,
    "incomeBeforeTaxRatio": 0.167998654,
    "incomeTaxExpense": 475000000,
    "netIncome": 1530000000,
    "netIncomeRatio": 0.1287120384,
    "eps": 2.8,
    "epsdiluted": 2.77,
    "weightedAverageShsOut": 546400000,
    "weightedAverageShsOutDil": 551400000,
    "link": "https://www.sec.gov/Archives/edgar/data/18230/000001823021000151/0000018230-21-000151-index.htm",
    "finalLink": "https://www.sec.gov/Archives/edgar/data/18230/000001823021000151/cat-20210331.htm"
  },
  {
    "date": "2020-12-31",
    "symbol": "CAT",
    "reportedCurrency": "USD",
    "cik": "0000018230",
    "fillingDate": "2021-02-17",
    "acceptedDate": "2021-02-17 10:41:38",
    "calendarYear": "2020",
    "period": "Q4",
    "revenue": 11235000000,
    "costOfRevenue": 7912000000,
    "grossProfit": 3323000000,
    "grossProfitRatio": 0.2957721406,
    "researchAndDevelopmentExpenses": 374000000,
    "generalAndAdministrativeExpenses": 0,
    "sellingAndMarketingExpenses": 0,
    "sellingGeneralAndAdministrativeExpenses": 1216000000,
    "otherExpenses": -309000000,
    "operatingExpenses": 1943000000,
    "costAndExpenses": 9855000000,
    "interestIncome": 21000000,
    "interestExpense": 130000000,
    "depreciationAndAmortization": 617000000,
    "ebitda": 1786000000,
    "ebitdaratio": 0.1589675122,
    "operatingIncome": 1380000000,
    "operatingIncomeRatio": 0.1228304406,
    "totalOtherIncomeExpensesNet": -439000000,
    "incomeBeforeTax": 941000000,
    "incomeBeforeTaxRatio": 0.0837561193,
    "incomeTaxExpense": 167000000,
    "netIncome": 780000000,
    "netIncomeRatio": 0.0694259012,
    "eps": 1.43,
    "epsdiluted": 1.42,
    "weightedAverageShsOut": 544500000,
    "weightedAverageShsOutDil": 549500000,
    "link": "https://www.sec.gov/Archives/edgar/data/18230/000001823021000063/0000018230-21-000063-index.htm",
    "finalLink": "https://www.sec.gov/Archives/edgar/data/18230/000001823021000063/cat-20201231.htm"
  },
  {
    "date": "2020-09-30",
    "symbol": "CAT",
    "reportedCurrency": "USD",
    "cik": "0000018230",
    "fillingDate": "2020-11-04",
    "acceptedDate": "2020-11-04 10:29:05",
    "calendarYear": "2020",
    "period": "Q3",
    "revenue": 9881000000,
    "costOfRevenue": 7056000000,
    "grossProfit": 2825000000,
    "grossProfitRatio": 0.2859022366,
    "researchAndDevelopmentExpenses": 344000000,
    "generalAndAdministrativeExpenses": 0,
    "sellingAndMarketingExpenses": 0,
    "sellingGeneralAndAdministrativeExpenses": 1126000000,
    "otherExpenses": 14000000,
    "operatingExpenses": 1840000000,
    "costAndExpenses": 8896000000,
    "interestIncome": 21000000,
    "interestExpense": 136000000,
    "depreciationAndAmortization": 593000000,
    "ebitda": 1768000000,
    "ebitdaratio": 0.1789292582,
    "operatingIncome": 985000000,
    "operatingIncomeRatio": 0.0996862666,
    "totalOtherIncomeExpensesNet": -122000000,
    "incomeBeforeTax": 863000000,
    "incomeBeforeTaxRatio": 0.0873393381,
    "incomeTaxExpense": 187000000,
    "netIncome": 668000000,
    "netIncomeRatio": 0.0676044935,
    "eps": 1.23,
    "epsdiluted": 1.22,
    "weightedAverageShsOut": 542300000,
    "weightedAverageShsOutDil": 546400000,
    "link": "https://www.sec.gov/Archives/edgar/data/18230/000001823020000297/0000018230-20-000297-index.htm",
    "finalLink": "https://www.sec.gov/Archives/edgar/data/18230/000001823020000297/cat-20200930.htm"
  },
  {
    "date": "2020-06-30",
    "symbol": "CAT",
    "reportedCurrency": "USD",
    "cik": "0000018230",
    "fillingDate": "2020-08-05",
    "acceptedDate": "2020-08-05 10:50:24",
    "calendarYear": "2020",
    "period": "Q2",
    "revenue": 9997000000,
    "costOfRevenue": 7262000000,
    "grossProfit": 2735000000,
    "grossProfitRatio": 0.2735820746,
    "researchAndDevelopmentExpenses": 341000000,
    "generalAndAdministrativeExpenses": 0,
    "sellingAndMarketingExpenses": 0,
    "sellingGeneralAndAdministrativeExpenses": 1179000000,
    "otherExpenses": 29000000,
    "operatingExpenses": 1951000000,
    "costAndExpenses": 9213000000,
    "interestIncome": 27000000,
    "interestExpense": 135000000,
    "depreciationAndAmortization": 608000000,
    "ebitda": 1642000000,
    "ebitdaratio": 0.1642492748,
    "operatingIncome": 784000000,
    "operatingIncomeRatio": 0.0784235271,
    "totalOtherIncomeExpensesNet": -106000000,
    "incomeBeforeTax": 678000000,
    "incomeBeforeTaxRatio": 0.0678203461,
    "incomeTaxExpense": 227000000,
    "netIncome": 458000000,
    "netIncomeRatio": 0.0458137441,
    "eps": 0.84,
    "epsdiluted": 0.84,
    "weightedAverageShsOut": 541500000,
    "weightedAverageShsOutDil": 544500000,
    "link": "https://www.sec.gov/Archives/edgar/data/18230/000001823020000214/0000018230-20-000214-index.htm",
    "finalLink": "https://www.sec.gov/Archives/edgar/data/18230/000001823020000214/cat10q6302020.htm"
  },
  {
    "date": "2020-03-31",
    "symbol": "CAT",
    "reportedCurrency": "USD",
    "cik": "0000018230",
    "fillingDate": "2020-05-06",
    "acceptedDate": "2020-05-06 13:09:58",
    "calendarYear": "2020",
    "period": "Q1",
    "revenue": 10635000000,
    "costOfRevenue": 7441000000,
    "grossProfit": 3194000000,
    "grossProfitRatio": 0.300329102,
    "researchAndDevelopmentExpenses": 356000000,
    "generalAndAdministrativeExpenses": 0,
    "sellingAndMarketingExpenses": 0,
    "sellingGeneralAndAdministrativeExpenses": 1121000000,
    "otherExpenses": 222000000,
    "operatingExpenses": 1790000000,
    "costAndExpenses": 9231000000,
    "interestIncome": 43000000,
    "interestExpense": 113000000,
    "depreciationAndAmortization": 614000000,
    "ebitda": 2071000000,
    "ebitdaratio": 0.1947343677,
    "operatingIncome": 1404000000,
    "operatingIncomeRatio": 0.1320169252,
    "totalOtherIncomeExpensesNet": 109000000,
    "incomeBeforeTax": 1513000000,
    "incomeBeforeTaxRatio": 0.1422661025,
    "incomeTaxExpense": 425000000,
    "netIncome": 1092000000,
    "netIncomeRatio": 0.1026798307,
    "eps": 2,
    "epsdiluted": 1.98,
    "weightedAverageShsOut": 546800000,
    "weightedAverageShsOutDil": 551100000,
    "link": "https://www.sec.gov/Archives/edgar/data/18230/000001823020000155/0000018230-20-000155-index.htm",
    "finalLink": "https://www.sec.gov/Archives/edgar/data/18230/000001823020000155/cat10q3312020.htm"
  }
]