[
  {
    "date": "2024-12-31",
    "symbol": "CMCSA",
    "reportedCurrency": "USD",
    "cik": "0001166691",
    "fillingDate": "2025-01-31",
    "acceptedDate": "2025-01-31 16:10:33",
    "calendarYear": "2024",
    "period": "FY",
    "revenue": 123731000000,
    "costOfRevenue": 37026000000,
    "grossProfit": 86705000000,
    "grossProfitRatio": 0.7007540552,
    "researchAndDevelopmentExpenses": 0,
    "generalAndAdministrativeExpenses": 40533000000,
    "sellingAndMarketingExpenses": 8073000000,
    "sellingGeneralAndAdministrativeExpenses": 48606000000,
    "otherExpenses": 14802000000,
    "operatingExpenses": 63408000000,
    "costAndExpenses": 100434000000,
    "interestIncome": 0,
    "interestExpense": 4134000000,
    "depreciationAndAmortization": 14801000000,
    "ebitda": 29340000000,
    "ebitdaratio": 0.2371273165,
    "operatingIncome": 23297000000,
    "operatingIncomeRatio": 0.1882874946,
    "totalOtherIncomeExpensesNet": -4624000000,
    "incomeBeforeTax": 18673000000,
    "incomeBeforeTaxRatio": 0.1509161002,
    "incomeTaxExpense": -2796000000,
    "netIncome": 16192000000,
    "netIncomeRatio": 0.1308645368,
    "eps": 4.14,
    "epsdiluted": 4.14,
    "weightedAverageShsOut": 3908000000,
    "weightedAverageShsOutDil": 3908000000,
    "link": "https://www.sec.gov/Archives/edgar/data/1166691/000116669125000011/0001166691-25-000011-index.htm",
    "finalLink": "https://www.sec.gov/Archives/edgar/data/1166691/000116669125000011/cmcsa-20241231.htm"
  },
  {
    "date": "2023-12-31",
    "symbol": "CMCSA",
    "reportedCurrency": "USD",
    "cik": "0001166691",
    "fillingDate": "2024-01-31",
    "acceptedDate": "2024-01-31 15:42:48",
    "calendarYear": "2023",
    "period": "FY",
    "revenue": 121572000000,
    "costOfRevenue": 36762000000,
    "grossProfit": 84810000000,
    "grossProfitRatio": 0.6976112921,
    "researchAndDevelopmentExpenses": 0,
    "generalAndAdministrativeExpenses": 39190000000,
    "sellingAndMarketingExpenses": 7971000000,
    "sellingGeneralAndAdministrativeExpenses": 47161000000,
    "otherExpenses": 14335000000,
    "operatingExpenses": 61496000000,
    "costAndExpenses": 98258000000,
    "interestIncome": 0,
    "interestExpense": 4087000000,
    "depreciationAndAmortization": 14336000000,
    "ebitda": 38901000000,
    "ebitdaratio": 0.3199832198,
    "operatingIncome": 23314000000,
    "operatingIncomeRatio": 0.1917711315,
    "totalOtherIncomeExpensesNet": -2836000000,
    "incomeBeforeTax": 20478000000,
    "incomeBeforeTaxRatio": 0.1684433916,
    "incomeTaxExpense": 5371000000,
    "netIncome": 15388000000,
    "netIncomeRatio": 0.1265751982,
    "eps": 3.73,
    "epsdiluted": 3.71,
    "weightedAverageShsOut": 4122000000,
    "weightedAverageShsOutDil": 4148000000,
    "link": "https://www.sec.gov/Archives/edgar/data/1166691/000116669124000011/0001166691-24-000011-index.htm",
    "finalLink": "https://www.sec.gov/Archives/edgar/data/1166691/000116669124000011/cmcsa-20231231.htm"
  },
  {
    "date": "2022-12-31",
    "symbol": "CMCSA",
    "reportedCurrency": "USD",
    "cik": "0001166691",
    "fillingDate": "2023-02-03",
    "acceptedDate": "2023-02-03 12:15:04",
    "calendarYear": "2022",
    "period": "FY",
    "revenue": 121427000000,
    "costOfRevenue": 38213000000,
    "grossProfit": 83214000000,
    "grossProfitRatio": 0.6853006333,
    "researchAndDevelopmentExpenses": 0,
    "generalAndAdministrativeExpenses": 38263000000,
    "sellingAndMarketingExpenses": 8506000000,
    "sellingGeneralAndAdministrativeExpenses": 8506000000,
    "otherExpenses": 52084000000,
    "operatingExpenses": 60590000000,
    "costAndExpenses": 98803000000,
    "interestIncome": 0,
    "interestExpense": 3896000000,
    "depreciationAndAmortization": 13821000000,
    "ebitda": 36445000000,
    "ebitdaratio": 0.3001391783,
    "operatingIncome": 22083000000,
    "operatingIncomeRatio": 0.1818623535,
    "totalOtherIncomeExpensesNet": -4757000000,
    "incomeBeforeTax": 9284000000,
    "incomeBeforeTaxRatio": 0.07645746,
    "incomeTaxExpense": 4359000000,
    "netIncome": 5370000000,
    "netIncomeRatio": 0.0442241017,
    "eps": 1.22,
    "epsdiluted": 1.21,
    "weightedAverageShsOut": 4406000000,
    "weightedAverageShsOutDil": 4430000000,
    "link": "https://www.sec.gov/Archives/edgar/data/1166691/000116669123000010/0001166691-23-000010-index.htm",
    "finalLink": "https://www.sec.gov/Archives/edgar/data/1166691/000116669123000010/cmcsa-20221231.htm"
  },
  {
    "date": "2021-12-31",
    "symbol": "CMCSA",
    "reportedCurrency": "USD",
    "cik": "0001166691",
    "fillingDate": "2022-02-02",
    "acceptedDate": "2022-02-02 15:15:17",
    "calendarYear": "2021",
    "period": "FY",
    "revenue": 116385000000,
    "costOfRevenue": 38450000000,
    "grossProfit": 77935000000,
    "grossProfitRatio": 0.6696309662,
    "researchAndDevelopmentExpenses": 0,
    "generalAndAdministrativeExpenses": 35619000000,
    "sellingAndMarketingExpenses": 7695000000,
    "sellingGeneralAndAdministrativeExpenses": 7695000000,
    "otherExpenses": 49423000000,
    "operatingExpenses": 57118000000,
    "costAndExpenses": 95568000000,
    "interestIncome": 0,
    "interestExpense": 4281000000,
    "depreciationAndAmortization": 13804000000,
    "ebitda": 34621000000,
    "ebitdaratio": 0.2974696052,
    "operatingIncome": 20817000000,
    "operatingIncomeRatio": 0.1788632556,
    "totalOtherIncomeExpensesNet": -1724000000,
    "incomeBeforeTax": 19093000000,
    "incomeBeforeTaxRatio": 0.1640503501,
    "incomeTaxExpense": 5259000000,
    "netIncome": 14159000000,
    "netIncomeRatio": 0.1216565709,
    "eps": 3.09,
    "epsdiluted": 3.04,
    "weightedAverageShsOut": 4584000000,
    "weightedAverageShsOutDil": 4654000000,
    "link": "https://www.sec.gov/Archives/edgar/data/1166691/000116669122000009/0001166691-22-000009-index.htm",
    "finalLink": "https://www.sec.gov/Archives/edgar/data/1166691/000116669122000009/cmcsa-20211231.htm"
  },
  {
    "date": "2020-12-31",
    "symbol": "CMCSA",
    "reportedCurrency": "USD",
    "cik": "0001166691",
    "fillingDate": "2021-02-04",
    "acceptedDate": "2021-02-03 18:08:14",
    "calendarYear": "2020",
    "period": "FY",
    "revenue": 103564000000,
    "costOfRevenue": 33121000000,
    "grossProfit": 70443000000,
    "grossProfitRatio": 0.6801880962,
    "researchAndDevelopmentExpenses": 0,
    "generalAndAdministrativeExpenses": 33109000000,
    "sellingAndMarketingExpenses": 6741000000,
    "sellingGeneralAndAdministrativeExpenses": 6741000000,
    "otherExpenses": 46209000000,
    "operatingExpenses": 52950000000,
    "costAndExpenses": 86071000000,
    "interestIncome": 0,
    "interestExpense": 4588000000,
    "depreciationAndAmortization": 13100000000,
    "ebitda": 30593000000,
    "ebitdaratio": 0.2954018771,
    "operatingIncome": 17493000000,
    "operatingIncomeRatio": 0.168910046,
    "totalOtherIncomeExpensesNet": -3428000000,
    "incomeBeforeTax": 14065000000,
    "incomeBeforeTaxRatio": 0.1358097408,
    "incomeTaxExpense": 3364000000,
    "netIncome": 10534000000,
    "netIncomeRatio": 0.1017148816,
    "eps": 2.3,
    "epsdiluted": 2.28,
    "weightedAverageShsOut": 4574000000,
    "weightedAverageShsOutDil": 4624000000,
    "link": "https://www.sec.gov/Archives/edgar/data/1166691/000116669121000008/0001166691-21-000008-index.htm",
    "finalLink": "https://www.sec.gov/Archives/edgar/data/1166691/000116669121000008/cmcsa-20201231.htm"
  },
  {
    "date": "2019-12-31",
    "symbol": "CMCSA",
    "reportedCurrency": "USD",
    "cik": "0001166691",
    "fillingDate": "2020-01-30",
    "acceptedDate": "2020-01-30 16:41:57",
    "calendarYear": "2019",
    "period": "FY",
    "revenue": 108942000000,
    "costOfRevenue": 34440000000,
    "grossProfit": 74502000000,
    "grossProfitRatio": 0.6838684805,
    "researchAndDevelopmentExpenses": 0,
    "generalAndAdministrativeExpenses": 32807000000,
    "sellingAndMarketingExpenses": 7617000000,
    "sellingGeneralAndAdministrativeExpenses": 7617000000,
    "otherExpenses": 45760000000,
    "operatingExpenses": 53377000000,
    "costAndExpenses": 87817000000,
    "interestIncome": 0,
    "interestExpense": 4567000000,
    "depreciationAndAmortization": 12953000000,
    "ebitda": 34078000000,
    "ebitdaratio": 0.3128086505,
    "operatingIncome": 21125000000,
    "operatingIncomeRatio": 0.1939105212,
    "totalOtherIncomeExpensesNet": -4129000000,
    "incomeBeforeTax": 16996000000,
    "incomeBeforeTaxRatio": 0.1560096198,
    "incomeTaxExpense": 3673000000,
    "netIncome": 13057000000,
    "netIncomeRatio": 0.1198527657,
    "eps": 2.87,
    "epsdiluted": 2.83,
    "weightedAverageShsOut": 4548000000,
    "weightedAverageShsOutDil": 4610000000,
    "link": "https://www.sec.gov/Archives/edgar/data/1166691/000116669120000008/0001166691-20-000008-index.htm",
    "finalLink": "https://www.sec.gov/Archives/edgar/data/902739/000116669120000008/cmcsa-12312019x10k.htm"
  },
  {
    "date": "2018-12-31",
    "symbol": "CMCSA",
    "reportedCurrency": "USD",
    "cik": "0001166691",
    "fillingDate": "2019-01-31",
    "acceptedDate": "2019-01-31 17:00:03",
    "calendarYear": "2018",
    "period": "FY",
    "revenue": 94507000000,
    "costOfRevenue": 29692000000,
    "grossProfit": 64815000000,
    "grossProfitRatio": 0.6858222142,
    "researchAndDevelopmentExpenses": 0,
    "generalAndAdministrativeExpenses": 28094000000,
    "sellingAndMarketingExpenses": 7036000000,
    "sellingGeneralAndAdministrativeExpenses": 7036000000,
    "otherExpenses": 326000000,
    "operatingExpenses": 45806000000,
    "costAndExpenses": 75498000000,
    "interestIncome": 0,
    "interestExpense": 3542000000,
    "depreciationAndAmortization": 11017000000,
    "ebitda": 30165000000,
    "ebitdaratio": 0.319182706,
    "operatingIncome": 19009000000,
    "operatingIncomeRatio": 0.20113854,
    "totalOtherIncomeExpensesNet": -3767000000,
    "incomeBeforeTax": 15242000000,
    "incomeBeforeTaxRatio": 0.1612790587,
    "incomeTaxExpense": 3380000000,
    "netIncome": 11731000000,
    "netIncomeRatio": 0.1241283714,
    "eps": 2.59,
    "epsdiluted": 2.53,
    "weightedAverageShsOut": 4525962522,
    "weightedAverageShsOutDil": 4640000000,
    "link": "https://www.sec.gov/Archives/edgar/data/1166691/000116669119000005/0001166691-19-000005-index.htm",
    "finalLink": "https://www.sec.gov/Archives/edgar/data/902739/000116669119000005/cmcsa-12312018x10k.htm"
  },
  {
    "date": "2017-12-31",
    "symbol": "CMCSA",
    "reportedCurrency": "USD",
    "cik": "0001166691",
    "fillingDate": "2018-01-31",
    "acceptedDate": "2018-01-31 16:35:39",
    "calendarYear": "2017",
    "period": "FY",
    "revenue": 84526000000,
    "costOfRevenue": 25384000000,
    "grossProfit": 59142000000,
    "grossProfitRatio": 0.6996900362,
    "researchAndDevelopmentExpenses": 0,
    "generalAndAdministrativeExpenses": 25013000000,
    "sellingAndMarketingExpenses": 6317000000,
    "sellingGeneralAndAdministrativeExpenses": 6317000000,
    "otherExpenses": 61000000,
    "operatingExpenses": 41155000000,
    "costAndExpenses": 66539000000,
    "interestIncome": 0,
    "interestExpense": 3086000000,
    "depreciationAndAmortization": 10130000000,
    "ebitda": 27706000000,
    "ebitdaratio": 0.3277808012,
    "operatingIncome": 17987000000,
    "operatingIncomeRatio": 0.2127984289,
    "totalOtherIncomeExpensesNet": -2665000000,
    "incomeBeforeTax": 15322000000,
    "incomeBeforeTaxRatio": 0.1812696685,
    "incomeTaxExpense": -7578000000,
    "netIncome": 22714000000,
    "netIncomeRatio": 0.26872205,
    "eps": 4.89,
    "epsdiluted": 4.75,
    "weightedAverageShsOut": 4644508017,
    "weightedAverageShsOutDil": 4786000000,
    "link": "https://www.sec.gov/Archives/edgar/data/1166691/000116669118000004/0001166691-18-000004-index.htm",
    "finalLink": "https://www.sec.gov/Archives/edgar/data/902739/000116669118000004/cmcsa-12312017x10k.htm"
  },
  {
    "date": "2016-12-31",
    "symbol": "CMCSA",
    "reportedCurrency": "USD",
    "cik": "0001166691",
    "fillingDate": "2017-02-03",
    "acceptedDate": "2017-02-03 14:34:03",
    "calendarYear": "2016",
    "period": "FY",
    "revenue": 80403000000,
    "costOfRevenue": 24463000000,
    "grossProfit": 55940000000,
    "grossProfitRatio": 0.6957451836,
    "researchAndDevelopmentExpenses": 0,
    "generalAndAdministrativeExpenses": 23409000000,
    "sellingAndMarketingExpenses": 6114000000,
    "sellingGeneralAndAdministrativeExpenses": 6114000000,
    "otherExpenses": 327000000,
    "operatingExpenses": 39081000000,
    "costAndExpenses": 63544000000,
    "interestIncome": 0,
    "interestExpense": 2942000000,
    "depreciationAndAmortization": 9558000000,
    "ebitda": 26853000000,
    "ebitdaratio": 0.3339800754,
    "operatingIncome": 16859000000,
    "operatingIncomeRatio": 0.2096812308,
    "totalOtherIncomeExpensesNet": -2478000000,
    "incomeBeforeTax": 14353000000,
    "incomeBeforeTaxRatio": 0.1785132396,
    "incomeTaxExpense": 5308000000,
    "netIncome": 8695000000,
    "netIncomeRatio": 0.108142731,
    "eps": 1.71,
    "epsdiluted": 1.71,
    "weightedAverageShsOut": 4875280898,
    "weightedAverageShsOutDil": 5088771063,
    "link": "https://www.sec.gov/Archives/edgar/data/1166691/000119312517030512/0001193125-17-030512-index.htm",
    "finalLink": "https://www.sec.gov/Archives/edgar/data/902739/000119312517030512/d290430d10k.htm"
  },
  {
    "date": "2015-12-31",
    "symbol": "CMCSA",
    "reportedCurrency": "USD",
    "cik": "0001166691",
    "fillingDate": "2016-02-05",
    "acceptedDate": "2016-02-05 17:00:05",
    "calendarYear": "2015",
    "period": "FY",
    "revenue": 74510000000,
    "costOfRevenue": 22550000000,
    "grossProfit": 51960000000,
    "grossProfitRatio": 0.6973560596,
    "researchAndDevelopmentExpenses": 0,
    "generalAndAdministrativeExpenses": 21339000000,
    "sellingAndMarketingExpenses": 5943000000,
    "sellingGeneralAndAdministrativeExpenses": 5943000000,
    "otherExpenses": 320000000,
    "operatingExpenses": 35962000000,
    "costAndExpenses": 58512000000,
    "interestIncome": 0,
    "interestExpense": 2702000000,
    "depreciationAndAmortization": 8680000000,
    "ebitda": 24678000000,
    "ebitdaratio": 0.3312038653,
    "operatingIncome": 15998000000,
    "operatingIncomeRatio": 0.214709435,
    "totalOtherIncomeExpensesNet": -2626000000,
    "incomeBeforeTax": 13372000000,
    "incomeBeforeTaxRatio": 0.1794658435,
    "incomeTaxExpense": 4959000000,
    "netIncome": 8163000000,
    "netIncomeRatio": 0.1095557643,
    "eps": 1.67,
    "epsdiluted": 1.62,
    "weightedAverageShsOut": 4875352351,
    "weightedAverageShsOutDil": 5036000000,
    "link": "https://www.sec.gov/Archives/edgar/data/1166691/000119312516452423/0001193125-16-452423-index.htm",
    "finalLink": "https://www.sec.gov/Archives/edgar/data/902739/000119312516452423/d49239d10k.htm"
  }
]