[
  {
    "date": "2024-12-31",
    "symbol": "CMCSA",
    "reportedCurrency": "USD",
    "cik": "0001166691",
    "fillingDate": "2025-01-31",
    "acceptedDate": "2025-01-31 16:10:33",
    "calendarYear": "2024",
    "period": "Q4",
    "revenue": 31915000000,
    "costOfRevenue": 10027000000,
    "grossProfit": 21888000000,
    "grossProfitRatio": 0.6858217139,
    "researchAndDevelopmentExpenses": 0,
    "generalAndAdministrativeExpenses": 10918000000,
    "sellingAndMarketingExpenses": 2144000000,
    "sellingGeneralAndAdministrativeExpenses": 13062000000,
    "otherExpenses": 3833000000,
    "operatingExpenses": 16895000000,
    "costAndExpenses": 26922000000,
    "interestIncome": 0,
    "interestExpense": 1069000000,
    "depreciationAndAmortization": 3833000000,
    "ebitda": 6338000000,
    "ebitdaratio": 0.1985900047,
    "operatingIncome": 4993000000,
    "operatingIncomeRatio": 0.1564468118,
    "totalOtherIncomeExpensesNet": -1419000000,
    "incomeBeforeTax": 3574000000,
    "incomeBeforeTaxRatio": 0.1119849601,
    "incomeTaxExpense": 1111000000,
    "netIncome": 4778000000,
    "netIncomeRatio": 0.1497101676,
    "eps": 1.24,
    "epsdiluted": 1.24,
    "weightedAverageShsOut": 3842000000,
    "weightedAverageShsOutDil": 3842000000,
    "link": "https://www.sec.gov/Archives/edgar/data/1166691/000116669125000011/0001166691-25-000011-index.htm",
    "finalLink": "https://www.sec.gov/Archives/edgar/data/1166691/000116669125000011/cmcsa-20241231.htm"
  },
  {
    "date": "2024-09-30",
    "symbol": "CMCSA",
    "reportedCurrency": "USD",
    "cik": "0001166691",
    "fillingDate": "2024-10-31",
    "acceptedDate": "2024-10-31 15:09:51",
    "calendarYear": "2024",
    "period": "Q3",
    "revenue": 32070000000,
    "costOfRevenue": 10216000000,
    "grossProfit": 17976000000,
    "grossProfitRatio": 0.5605238541,
    "researchAndDevelopmentExpenses": 0,
    "generalAndAdministrativeExpenses": 10128000000,
    "sellingAndMarketingExpenses": 1989000000,
    "sellingGeneralAndAdministrativeExpenses": 12117000000,
    "otherExpenses": 0,
    "operatingExpenses": 12117000000,
    "costAndExpenses": 26211000000,
    "interestIncome": 0,
    "interestExpense": 1037000000,
    "depreciationAndAmortization": 3878000000,
    "ebitda": 9734000000,
    "ebitdaratio": 0.3035235423,
    "operatingIncome": 5859000000,
    "operatingIncomeRatio": 0.1826941066,
    "totalOtherIncomeExpensesNet": -1040000000,
    "incomeBeforeTax": 4819000000,
    "incomeBeforeTaxRatio": 0.1502650452,
    "incomeTaxExpense": 1243000000,
    "netIncome": 3629000000,
    "netIncomeRatio": 0.1131587153,
    "eps": 0.94,
    "epsdiluted": 0.94,
    "weightedAverageShsOut": 3861000000,
    "weightedAverageShsOutDil": 3880000000,
    "link": "https://www.sec.gov/Archives/edgar/data/1166691/000116669124000056/0001166691-24-000056-index.htm",
    "finalLink": "https://www.sec.gov/Archives/edgar/data/1166691/000116669124000056/cmcsa-20240930.htm"
  },
  {
    "date": "2024-06-30",
    "symbol": "CMCSA",
    "reportedCurrency": "USD",
    "cik": "0001166691",
    "fillingDate": "2024-07-23",
    "acceptedDate": "2024-07-23 13:28:43",
    "calendarYear": "2024",
    "period": "Q2",
    "revenue": 29688000000,
    "costOfRevenue": 7961000000,
    "grossProfit": 18187000000,
    "grossProfitRatio": 0.6126044193,
    "researchAndDevelopmentExpenses": 0,
    "generalAndAdministrativeExpenses": 9630000000,
    "sellingAndMarketingExpenses": 1922000000,
    "sellingGeneralAndAdministrativeExpenses": 11552000000,
    "otherExpenses": 99000000,
    "operatingExpenses": 11552000000,
    "costAndExpenses": 23053000000,
    "interestIncome": 0,
    "interestExpense": 1026000000,
    "depreciationAndAmortization": 3540000000,
    "ebitda": 10175000000,
    "ebitdaratio": 0.3427310698,
    "operatingIncome": 6635000000,
    "operatingIncomeRatio": 0.2234909728,
    "totalOtherIncomeExpensesNet": -1460000000,
    "incomeBeforeTax": 5175000000,
    "incomeBeforeTaxRatio": 0.1743128537,
    "incomeTaxExpense": 1336000000,
    "netIncome": 3929000000,
    "netIncomeRatio": 0.1323430342,
    "eps": 1.01,
    "epsdiluted": 1,
    "weightedAverageShsOut": 3905000000,
    "weightedAverageShsOutDil": 3920000000,
    "link": "https://www.sec.gov/Archives/edgar/data/1166691/000116669124000048/0001166691-24-000048-index.htm",
    "finalLink": "https://www.sec.gov/Archives/edgar/data/1166691/000116669124000048/cmcsa-20240630.htm"
  },
  {
    "date": "2024-03-31",
    "symbol": "CMCSA",
    "reportedCurrency": "USD",
    "cik": "0001166691",
    "fillingDate": "2024-04-25",
    "acceptedDate": "2024-04-25 15:09:56",
    "calendarYear": "2024",
    "period": "Q1",
    "revenue": 30058000000,
    "costOfRevenue": 8823000000,
    "grossProfit": 21235000000,
    "grossProfitRatio": 0.7064674962,
    "researchAndDevelopmentExpenses": 0,
    "generalAndAdministrativeExpenses": 9857000000,
    "sellingAndMarketingExpenses": 2018000000,
    "sellingGeneralAndAdministrativeExpenses": 11875000000,
    "otherExpenses": 191000000,
    "operatingExpenses": 15426000000,
    "costAndExpenses": 24249000000,
    "interestIncome": 0,
    "interestExpense": 1002000000,
    "depreciationAndAmortization": 3551000000,
    "ebitda": 9360000000,
    "ebitdaratio": 0.3113979639,
    "operatingIncome": 5810000000,
    "operatingIncomeRatio": 0.1932929669,
    "totalOtherIncomeExpensesNet": -705000000,
    "incomeBeforeTax": 5105000000,
    "incomeBeforeTaxRatio": 0.1698383126,
    "incomeTaxExpense": 1328000000,
    "netIncome": 3857000000,
    "netIncomeRatio": 0.1283185841,
    "eps": 0.97,
    "epsdiluted": 0.97,
    "weightedAverageShsOut": 3959000000,
    "weightedAverageShsOutDil": 3992000000,
    "link": "https://www.sec.gov/Archives/edgar/data/1166691/000116669124000031/0001166691-24-000031-index.htm",
    "finalLink": "https://www.sec.gov/Archives/edgar/data/1166691/000116669124000031/cmcsa-20240331.htm"
  },
  {
    "date": "2023-12-31",
    "symbol": "CMCSA",
    "reportedCurrency": "USD",
    "cik": "0001166691",
    "fillingDate": "2024-01-31",
    "acceptedDate": "2024-01-31 15:42:48",
    "calendarYear": "2023",
    "period": "Q4",
    "revenue": 31253000000,
    "costOfRevenue": 10256000000,
    "grossProfit": 20997000000,
    "grossProfitRatio": 0.6718395034,
    "researchAndDevelopmentExpenses": 0,
    "generalAndAdministrativeExpenses": 10943000000,
    "sellingAndMarketingExpenses": 2042000000,
    "sellingGeneralAndAdministrativeExpenses": 12985000000,
    "otherExpenses": 243000000,
    "operatingExpenses": 16513000000,
    "costAndExpenses": 26769000000,
    "interestIncome": 0,
    "interestExpense": 1019000000,
    "depreciationAndAmortization": 3528000000,
    "ebitda": 8591000000,
    "ebitdaratio": 0.274885611,
    "operatingIncome": 4484000000,
    "operatingIncomeRatio": 0.1434742265,
    "totalOtherIncomeExpensesNet": -440000000,
    "incomeBeforeTax": 4044000000,
    "incomeBeforeTaxRatio": 0.129395578,
    "incomeTaxExpense": 890000000,
    "netIncome": 3260000000,
    "netIncomeRatio": 0.1043099862,
    "eps": 0.82,
    "epsdiluted": 0.81,
    "weightedAverageShsOut": 3986525848,
    "weightedAverageShsOutDil": 4039000000,
    "link": "https://www.sec.gov/Archives/edgar/data/1166691/000116669124000011/0001166691-24-000011-index.htm",
    "finalLink": "https://www.sec.gov/Archives/edgar/data/1166691/000116669124000011/cmcsa-20231231.htm"
  },
  {
    "date": "2023-09-30",
    "symbol": "CMCSA",
    "reportedCurrency": "USD",
    "cik": "0001166691",
    "fillingDate": "2023-10-26",
    "acceptedDate": "2023-10-26 14:52:11",
    "calendarYear": "2023",
    "period": "Q3",
    "revenue": 30115000000,
    "costOfRevenue": 8652000000,
    "grossProfit": 21462000000,
    "grossProfitRatio": 0.7126681056,
    "researchAndDevelopmentExpenses": 0,
    "generalAndAdministrativeExpenses": 9629000000,
    "sellingAndMarketingExpenses": 1866000000,
    "sellingGeneralAndAdministrativeExpenses": 11495000000,
    "otherExpenses": 88000000,
    "operatingExpenses": 14988000000,
    "costAndExpenses": 23641000000,
    "interestIncome": 0,
    "interestExpense": 1060000000,
    "depreciationAndAmortization": 3493000000,
    "ebitda": 10018000000,
    "ebitdaratio": 0.3326581438,
    "operatingIncome": 6475000000,
    "operatingIncomeRatio": 0.2150091317,
    "totalOtherIncomeExpensesNet": -1010000000,
    "incomeBeforeTax": 5465000000,
    "incomeBeforeTaxRatio": 0.1814710277,
    "incomeTaxExpense": 1468000000,
    "netIncome": 4046000000,
    "netIncomeRatio": 0.134351652,
    "eps": 0.98,
    "epsdiluted": 0.98,
    "weightedAverageShsOut": 4109000000,
    "weightedAverageShsOutDil": 4141000000,
    "link": "https://www.sec.gov/Archives/edgar/data/1166691/000116669123000040/0001166691-23-000040-index.htm",
    "finalLink": "https://www.sec.gov/Archives/edgar/data/1166691/000116669123000040/cmcsa-20230930.htm"
  },
  {
    "date": "2023-06-30",
    "symbol": "CMCSA",
    "reportedCurrency": "USD",
    "cik": "0001166691",
    "fillingDate": "2023-07-27",
    "acceptedDate": "2023-07-27 15:10:06",
    "calendarYear": "2023",
    "period": "Q2",
    "revenue": 30513000000,
    "costOfRevenue": 8849000000,
    "grossProfit": 21664000000,
    "grossProfitRatio": 0.7099924622,
    "researchAndDevelopmentExpenses": 0,
    "generalAndAdministrativeExpenses": 9317000000,
    "sellingAndMarketingExpenses": 2100000000,
    "sellingGeneralAndAdministrativeExpenses": 2100000000,
    "otherExpenses": 133000000,
    "operatingExpenses": 14955000000,
    "costAndExpenses": 23804000000,
    "interestIncome": 0,
    "interestExpense": 998000000,
    "depreciationAndAmortization": 3538000000,
    "ebitda": 10247000000,
    "ebitdaratio": 0.335824075,
    "operatingIncome": 6709000000,
    "operatingIncomeRatio": 0.2198734965,
    "totalOtherIncomeExpensesNet": -983000000,
    "incomeBeforeTax": 5726000000,
    "incomeBeforeTaxRatio": 0.1876577197,
    "incomeTaxExpense": 1537000000,
    "netIncome": 4248000000,
    "netIncomeRatio": 0.1392193491,
    "eps": 1.02,
    "epsdiluted": 1.02,
    "weightedAverageShsOut": 4165000000,
    "weightedAverageShsOutDil": 4183000000,
    "link": "https://www.sec.gov/Archives/edgar/data/1166691/000116669123000032/0001166691-23-000032-index.htm",
    "finalLink": "https://www.sec.gov/Archives/edgar/data/1166691/000116669123000032/cmcsa-20230630.htm"
  },
  {
    "date": "2023-03-31",
    "symbol": "CMCSA",
    "reportedCurrency": "USD",
    "cik": "0001166691",
    "fillingDate": "2023-04-27",
    "acceptedDate": "2023-04-27 15:17:11",
    "calendarYear": "2023",
    "period": "Q1",
    "revenue": 29691000000,
    "costOfRevenue": 9004000000,
    "grossProfit": 20687000000,
    "grossProfitRatio": 0.6967431208,
    "researchAndDevelopmentExpenses": 0,
    "generalAndAdministrativeExpenses": 9301000000,
    "sellingAndMarketingExpenses": 1963000000,
    "sellingGeneralAndAdministrativeExpenses": 1963000000,
    "otherExpenses": 13078000000,
    "operatingExpenses": 15041000000,
    "costAndExpenses": 24045000000,
    "interestIncome": 0,
    "interestExpense": 1010000000,
    "depreciationAndAmortization": 3777000000,
    "ebitda": 9423000000,
    "ebitdaratio": 0.3173688997,
    "operatingIncome": 5646000000,
    "operatingIncomeRatio": 0.1901586339,
    "totalOtherIncomeExpensesNet": -403000000,
    "incomeBeforeTax": 5243000000,
    "incomeBeforeTaxRatio": 0.1765854973,
    "incomeTaxExpense": 1476000000,
    "netIncome": 3834000000,
    "netIncomeRatio": 0.1291300394,
    "eps": 0.91,
    "epsdiluted": 0.91,
    "weightedAverageShsOut": 4208000000,
    "weightedAverageShsOutDil": 4227000000,
    "link": "https://www.sec.gov/Archives/edgar/data/1166691/000116669123000024/0001166691-23-000024-index.htm",
    "finalLink": "https://www.sec.gov/Archives/edgar/data/1166691/000116669123000024/cmcsa-20230331.htm"
  },
  {
    "date": "2022-12-31",
    "symbol": "CMCSA",
    "reportedCurrency": "USD",
    "cik": "0001166691",
    "fillingDate": "2023-02-03",
    "acceptedDate": "2023-02-03 12:15:04",
    "calendarYear": "2022",
    "period": "Q4",
    "revenue": 30552000000,
    "costOfRevenue": 9807000000,
    "grossProfit": 20745000000,
    "grossProfitRatio": 0.6790062844,
    "researchAndDevelopmentExpenses": 0,
    "generalAndAdministrativeExpenses": 10561000000,
    "sellingAndMarketingExpenses": 2182000000,
    "sellingGeneralAndAdministrativeExpenses": 2182000000,
    "otherExpenses": 14033000000,
    "operatingExpenses": 16215000000,
    "costAndExpenses": 26022000000,
    "interestIncome": 0,
    "interestExpense": 974000000,
    "depreciationAndAmortization": 3472000000,
    "ebitda": 8002000000,
    "ebitdaratio": 0.2619141136,
    "operatingIncome": 4530000000,
    "operatingIncomeRatio": 0.1482717989,
    "totalOtherIncomeExpensesNet": -860000000,
    "incomeBeforeTax": 3670000000,
    "incomeBeforeTaxRatio": 0.1201230689,
    "incomeTaxExpense": 797000000,
    "netIncome": 3023000000,
    "netIncomeRatio": 0.0989460592,
    "eps": 0.72,
    "epsdiluted": 0.7,
    "weightedAverageShsOut": 4220119391,
    "weightedAverageShsOutDil": 4290000000,
    "link": "https://www.sec.gov/Archives/edgar/data/1166691/000116669123000010/0001166691-23-000010-index.htm",
    "finalLink": "https://www.sec.gov/Archives/edgar/data/1166691/000116669123000010/cmcsa-20221231.htm"
  },
  {
    "date": "2022-09-30",
    "symbol": "CMCSA",
    "reportedCurrency": "USD",
    "cik": "0001166691",
    "fillingDate": "2022-10-27",
    "acceptedDate": "2022-10-27 15:05:20",
    "calendarYear": "2022",
    "period": "Q3",
    "revenue": 29849000000,
    "costOfRevenue": 8950000000,
    "grossProfit": 20899000000,
    "grossProfitRatio": 0.7001574592,
    "researchAndDevelopmentExpenses": 0,
    "generalAndAdministrativeExpenses": 9344000000,
    "sellingAndMarketingExpenses": 2066000000,
    "sellingGeneralAndAdministrativeExpenses": 2066000000,
    "otherExpenses": 12677000000,
    "operatingExpenses": 14743000000,
    "costAndExpenses": 23693000000,
    "interestIncome": 0,
    "interestExpense": 960000000,
    "depreciationAndAmortization": 3333000000,
    "ebitda": 641000000,
    "ebitdaratio": 0.0214747563,
    "operatingIncome": 5893000000,
    "operatingIncomeRatio": 0.1974270495,
    "totalOtherIncomeExpensesNet": -1227000000,
    "incomeBeforeTax": -3652000000,
    "incomeBeforeTaxRatio": -0.1223491574,
    "incomeTaxExpense": 1014000000,
    "netIncome": -4666000000,
    "netIncomeRatio": -0.1563201447,
    "eps": -1.07,
    "epsdiluted": -1.07,
    "weightedAverageShsOut": 4377000000,
    "weightedAverageShsOutDil": 4377000000,
    "link": "https://www.sec.gov/Archives/edgar/data/1166691/000116669122000039/0001166691-22-000039-index.htm",
    "finalLink": "https://www.sec.gov/Archives/edgar/data/1166691/000116669122000039/cmcsa-20220930.htm"
  },
  {
    "date": "2022-06-30",
    "symbol": "CMCSA",
    "reportedCurrency": "USD",
    "cik": "0001166691",
    "fillingDate": "2022-07-28",
    "acceptedDate": "2022-07-28 14:53:41",
    "calendarYear": "2022",
    "period": "Q2",
    "revenue": 30016000000,
    "costOfRevenue": 8888000000,
    "grossProfit": 21128000000,
    "grossProfitRatio": 0.703891258,
    "researchAndDevelopmentExpenses": 0,
    "generalAndAdministrativeExpenses": 9098000000,
    "sellingAndMarketingExpenses": 2196000000,
    "sellingGeneralAndAdministrativeExpenses": 2196000000,
    "otherExpenses": 12566000000,
    "operatingExpenses": 14762000000,
    "costAndExpenses": 23650000000,
    "interestIncome": 0,
    "interestExpense": 968000000,
    "depreciationAndAmortization": 3468000000,
    "ebitda": 9835000000,
    "ebitdaratio": 0.3276585821,
    "operatingIncome": 6367000000,
    "operatingIncomeRatio": 0.2121202026,
    "totalOtherIncomeExpensesNet": -1865000000,
    "incomeBeforeTax": 4502000000,
    "incomeBeforeTaxRatio": 0.1499866738,
    "incomeTaxExpense": 1261000000,
    "netIncome": 3396000000,
    "netIncomeRatio": 0.1131396588,
    "eps": 0.76,
    "epsdiluted": 0.76,
    "weightedAverageShsOut": 4457000000,
    "weightedAverageShsOutDil": 4482000000,
    "link": "https://www.sec.gov/Archives/edgar/data/1166691/000116669122000030/0001166691-22-000030-index.htm",
    "finalLink": "https://www.sec.gov/Archives/edgar/data/1166691/000116669122000030/cmcsa-20220630.htm"
  },
  {
    "date": "2022-03-31",
    "symbol": "CMCSA",
    "reportedCurrency": "USD",
    "cik": "0001166691",
    "fillingDate": "2022-04-28",
    "acceptedDate": "2022-04-28 16:04:27",
    "calendarYear": "2022",
    "period": "Q1",
    "revenue": 31010000000,
    "costOfRevenue": 10570000000,
    "grossProfit": 20440000000,
    "grossProfitRatio": 0.6591422122,
    "researchAndDevelopmentExpenses": 0,
    "generalAndAdministrativeExpenses": 9260000000,
    "sellingAndMarketingExpenses": 2062000000,
    "sellingGeneralAndAdministrativeExpenses": 2062000000,
    "otherExpenses": 12808000000,
    "operatingExpenses": 14870000000,
    "costAndExpenses": 25440000000,
    "interestIncome": 0,
    "interestExpense": 993000000,
    "depreciationAndAmortization": 3548000000,
    "ebitda": 9118000000,
    "ebitdaratio": 0.2940341825,
    "operatingIncome": 5569000000,
    "operatingIncomeRatio": 0.1795872299,
    "totalOtherIncomeExpensesNet": -805000000,
    "incomeBeforeTax": 4764000000,
    "incomeBeforeTaxRatio": 0.153627862,
    "incomeTaxExpense": 1288000000,
    "netIncome": 3549000000,
    "netIncomeRatio": 0.1144469526,
    "eps": 0.79,
    "epsdiluted": 0.78,
    "weightedAverageShsOut": 4512000000,
    "weightedAverageShsOutDil": 4558000000,
    "link": "https://www.sec.gov/Archives/edgar/data/1166691/000116669122000018/0001166691-22-000018-index.htm",
    "finalLink": "https://www.sec.gov/Archives/edgar/data/1166691/000116669122000018/cmcsa-20220331.htm"
  },
  {
    "date": "2021-12-31",
    "symbol": "CMCSA",
    "reportedCurrency": "USD",
    "cik": "0001166691",
    "fillingDate": "2022-02-02",
    "acceptedDate": "2022-02-02 15:15:17",
    "calendarYear": "2021",
    "period": "Q4",
    "revenue": 30336000000,
    "costOfRevenue": 9880000000,
    "grossProfit": 20456000000,
    "grossProfitRatio": 0.674314346,
    "researchAndDevelopmentExpenses": 0,
    "generalAndAdministrativeExpenses": 9821000000,
    "sellingAndMarketingExpenses": 2233000000,
    "sellingGeneralAndAdministrativeExpenses": 2233000000,
    "otherExpenses": 65000000,
    "operatingExpenses": 15635000000,
    "costAndExpenses": 25515000000,
    "interestIncome": 0,
    "interestExpense": 1120000000,
    "depreciationAndAmortization": 3581000000,
    "ebitda": 8459000000,
    "ebitdaratio": 0.2788436181,
    "operatingIncome": 4821000000,
    "operatingIncomeRatio": 0.1589200949,
    "totalOtherIncomeExpensesNet": -936000000,
    "incomeBeforeTax": 3885000000,
    "incomeBeforeTaxRatio": 0.1280656646,
    "incomeTaxExpense": 905000000,
    "netIncome": 3057000000,
    "netIncomeRatio": 0.1007713608,
    "eps": 0.67,
    "epsdiluted": 0.66,
    "weightedAverageShsOut": 4533230325,
    "weightedAverageShsOutDil": 4613000000,
    "link": "https://www.sec.gov/Archives/edgar/data/1166691/000116669122000009/0001166691-22-000009-index.htm",
    "finalLink": "https://www.sec.gov/Archives/edgar/data/1166691/000116669122000009/cmcsa-20211231.htm"
  },
  {
    "date": "2021-09-30",
    "symbol": "CMCSA",
    "reportedCurrency": "USD",
    "cik": "0001166691",
    "fillingDate": "2021-10-28",
    "acceptedDate": "2021-10-28 14:16:59",
    "calendarYear": "2021",
    "period": "Q3",
    "revenue": 30298000000,
    "costOfRevenue": 10395000000,
    "grossProfit": 19903000000,
    "grossProfitRatio": 0.6569080467,
    "researchAndDevelopmentExpenses": 0,
    "generalAndAdministrativeExpenses": 8981000000,
    "sellingAndMarketingExpenses": 1995000000,
    "sellingGeneralAndAdministrativeExpenses": 1995000000,
    "otherExpenses": 59000000,
    "operatingExpenses": 14454000000,
    "costAndExpenses": 24849000000,
    "interestIncome": 0,
    "interestExpense": 1050000000,
    "depreciationAndAmortization": 3478000000,
    "ebitda": 8926000000,
    "ebitdaratio": 0.2946069047,
    "operatingIncome": 5450000000,
    "operatingIncomeRatio": 0.1798798601,
    "totalOtherIncomeExpensesNet": -284000000,
    "incomeBeforeTax": 5166000000,
    "incomeBeforeTaxRatio": 0.170506304,
    "incomeTaxExpense": 1235000000,
    "netIncome": 4035000000,
    "netIncomeRatio": 0.1331771074,
    "eps": 0.88,
    "epsdiluted": 0.86,
    "weightedAverageShsOut": 4588000000,
    "weightedAverageShsOutDil": 4665000000,
    "link": "https://www.sec.gov/Archives/edgar/data/1166691/000116669121000036/0001166691-21-000036-index.htm",
    "finalLink": "https://www.sec.gov/Archives/edgar/data/1166691/000116669121000036/cmcsa-20210930.htm"
  },
  {
    "date": "2021-06-30",
    "symbol": "CMCSA",
    "reportedCurrency": "USD",
    "cik": "0001166691",
    "fillingDate": "2021-07-29",
    "acceptedDate": "2021-07-29 15:45:07",
    "calendarYear": "2021",
    "period": "Q2",
    "revenue": 28546000000,
    "costOfRevenue": 9256000000,
    "grossProfit": 19290000000,
    "grossProfitRatio": 0.6757514188,
    "researchAndDevelopmentExpenses": 0,
    "generalAndAdministrativeExpenses": 8549000000,
    "sellingAndMarketingExpenses": 1851000000,
    "sellingGeneralAndAdministrativeExpenses": 1851000000,
    "otherExpenses": 69000000,
    "operatingExpenses": 13783000000,
    "costAndExpenses": 23039000000,
    "interestIncome": 0,
    "interestExpense": 1093000000,
    "depreciationAndAmortization": 3383000000,
    "ebitda": 8890000000,
    "ebitdaratio": 0.3114271702,
    "operatingIncome": 5507000000,
    "operatingIncomeRatio": 0.1929166959,
    "totalOtherIncomeExpensesNet": 123000000,
    "incomeBeforeTax": 5630000000,
    "incomeBeforeTaxRatio": 0.1972255307,
    "incomeTaxExpense": 2000000000,
    "netIncome": 3738000000,
    "netIncomeRatio": 0.1309465424,
    "eps": 0.81,
    "epsdiluted": 0.8,
    "weightedAverageShsOut": 4601000000,
    "weightedAverageShsOutDil": 4673000000,
    "link": "https://www.sec.gov/Archives/edgar/data/1166691/000116669121000029/0001166691-21-000029-index.htm",
    "finalLink": "https://www.sec.gov/Archives/edgar/data/1166691/000116669121000029/cmcsa-20210630.htm"
  },
  {
    "date": "2021-03-31",
    "symbol": "CMCSA",
    "reportedCurrency": "USD",
    "cik": "0001166691",
    "fillingDate": "2021-04-29",
    "acceptedDate": "2021-04-29 15:22:23",
    "calendarYear": "2021",
    "period": "Q1",
    "revenue": 27205000000,
    "costOfRevenue": 8919000000,
    "grossProfit": 18286000000,
    "grossProfitRatio": 0.6721558537,
    "researchAndDevelopmentExpenses": 0,
    "generalAndAdministrativeExpenses": 8269000000,
    "sellingAndMarketingExpenses": 1616000000,
    "sellingGeneralAndAdministrativeExpenses": 1616000000,
    "otherExpenses": 17000000,
    "operatingExpenses": 13247000000,
    "costAndExpenses": 22166000000,
    "interestIncome": 0,
    "interestExpense": 1018000000,
    "depreciationAndAmortization": 3362000000,
    "ebitda": 8401000000,
    "ebitdaratio": 0.3088035288,
    "operatingIncome": 5039000000,
    "operatingIncomeRatio": 0.1852233045,
    "totalOtherIncomeExpensesNet": -628000000,
    "incomeBeforeTax": 4411000000,
    "incomeBeforeTaxRatio": 0.1621393126,
    "incomeTaxExpense": 1119000000,
    "netIncome": 3329000000,
    "netIncomeRatio": 0.1223672119,
    "eps": 0.73,
    "epsdiluted": 0.71,
    "weightedAverageShsOut": 4591000000,
    "weightedAverageShsOutDil": 4665000000,
    "link": "https://www.sec.gov/Archives/edgar/data/1166691/000116669121000020/0001166691-21-000020-index.htm",
    "finalLink": "https://www.sec.gov/Archives/edgar/data/1166691/000116669121000020/cmcsa-20210331.htm"
  },
  {
    "date": "2020-12-31",
    "symbol": "CMCSA",
    "reportedCurrency": "USD",
    "cik": "0001166691",
    "fillingDate": "2021-02-04",
    "acceptedDate": "2021-02-03 18:08:14",
    "calendarYear": "2020",
    "period": "Q4",
    "revenue": 27708000000,
    "costOfRevenue": 9438000000,
    "grossProfit": 18270000000,
    "grossProfitRatio": 0.6593763534,
    "researchAndDevelopmentExpenses": 0,
    "generalAndAdministrativeExpenses": 9150000000,
    "sellingAndMarketingExpenses": 1950000000,
    "sellingGeneralAndAdministrativeExpenses": 1950000000,
    "otherExpenses": 72000000,
    "operatingExpenses": 14352000000,
    "costAndExpenses": 23790000000,
    "interestIncome": 0,
    "interestExpense": 1044000000,
    "depreciationAndAmortization": 3252000000,
    "ebitda": 7170000000,
    "ebitdaratio": 0.2587700303,
    "operatingIncome": 3918000000,
    "operatingIncomeRatio": 0.1414032049,
    "totalOtherIncomeExpensesNet": 498000000,
    "incomeBeforeTax": 4416000000,
    "incomeBeforeTaxRatio": 0.1593763534,
    "incomeTaxExpense": 979000000,
    "netIncome": 3380000000,
    "netIncomeRatio": 0.1219864299,
    "eps": 0.74,
    "epsdiluted": 0.73,
    "weightedAverageShsOut": 4580656172,
    "weightedAverageShsOutDil": 4645000000,
    "link": "https://www.sec.gov/Archives/edgar/data/1166691/000116669121000008/0001166691-21-000008-index.htm",
    "finalLink": "https://www.sec.gov/Archives/edgar/data/1166691/000116669121000008/cmcsa-20201231.htm"
  },
  {
    "date": "2020-09-30",
    "symbol": "CMCSA",
    "reportedCurrency": "USD",
    "cik": "0001166691",
    "fillingDate": "2020-10-29",
    "acceptedDate": "2020-10-29 15:03:25",
    "calendarYear": "2020",
    "period": "Q3",
    "revenue": 25532000000,
    "costOfRevenue": 8565000000,
    "grossProfit": 16967000000,
    "grossProfitRatio": 0.6645386182,
    "researchAndDevelopmentExpenses": 0,
    "generalAndAdministrativeExpenses": 8059000000,
    "sellingAndMarketingExpenses": 1512000000,
    "sellingGeneralAndAdministrativeExpenses": 1512000000,
    "otherExpenses": 62000000,
    "operatingExpenses": 12891000000,
    "costAndExpenses": 21456000000,
    "interestIncome": 0,
    "interestExpense": 1220000000,
    "depreciationAndAmortization": 3320000000,
    "ebitda": 7396000000,
    "ebitdaratio": 0.2896757011,
    "operatingIncome": 4076000000,
    "operatingIncomeRatio": 0.1596428012,
    "totalOtherIncomeExpensesNet": -1306000000,
    "incomeBeforeTax": 2770000000,
    "incomeBeforeTaxRatio": 0.108491305,
    "incomeTaxExpense": 739000000,
    "netIncome": 2019000000,
    "netIncomeRatio": 0.0790772364,
    "eps": 0.44,
    "epsdiluted": 0.44,
    "weightedAverageShsOut": 4577000000,
    "weightedAverageShsOutDil": 4628000000,
    "link": "https://www.sec.gov/Archives/edgar/data/1166691/000116669120000032/0001166691-20-000032-index.htm",
    "finalLink": "https://www.sec.gov/Archives/edgar/data/1166691/000116669120000032/cmcsa-20200930.htm"
  },
  {
    "date": "2020-06-30",
    "symbol": "CMCSA",
    "reportedCurrency": "USD",
    "cik": "0001166691",
    "fillingDate": "2020-07-30",
    "acceptedDate": "2020-07-30 18:31:48",
    "calendarYear": "2020",
    "period": "Q2",
    "revenue": 23715000000,
    "costOfRevenue": 6817000000,
    "grossProfit": 16898000000,
    "grossProfitRatio": 0.7125448029,
    "researchAndDevelopmentExpenses": 0,
    "generalAndAdministrativeExpenses": 7646000000,
    "sellingAndMarketingExpenses": 1341000000,
    "sellingGeneralAndAdministrativeExpenses": 1341000000,
    "otherExpenses": 115000000,
    "operatingExpenses": 12251000000,
    "costAndExpenses": 19068000000,
    "interestIncome": 0,
    "interestExpense": 1112000000,
    "depreciationAndAmortization": 3264000000,
    "ebitda": 7911000000,
    "ebitdaratio": 0.3335863378,
    "operatingIncome": 4647000000,
    "operatingIncomeRatio": 0.1959519292,
    "totalOtherIncomeExpensesNet": -692000000,
    "incomeBeforeTax": 3955000000,
    "incomeBeforeTaxRatio": 0.1667720852,
    "incomeTaxExpense": 946000000,
    "netIncome": 2988000000,
    "netIncomeRatio": 0.1259962049,
    "eps": 0.65,
    "epsdiluted": 0.65,
    "weightedAverageShsOut": 4570000000,
    "weightedAverageShsOutDil": 4607000000,
    "link": "https://www.sec.gov/Archives/edgar/data/1166691/000116669120000024/0001166691-20-000024-index.htm",
    "finalLink": "https://www.sec.gov/Archives/edgar/data/1166691/000116669120000024/cmcsa-6302020x10q.htm"
  },
  {
    "date": "2020-03-31",
    "symbol": "CMCSA",
    "reportedCurrency": "USD",
    "cik": "0001166691",
    "fillingDate": "2020-04-30",
    "acceptedDate": "2020-04-30 15:24:15",
    "calendarYear": "2020",
    "period": "Q1",
    "revenue": 26609000000,
    "costOfRevenue": 8301000000,
    "grossProfit": 18308000000,
    "grossProfitRatio": 0.6880378819,
    "researchAndDevelopmentExpenses": 0,
    "generalAndAdministrativeExpenses": 8254000000,
    "sellingAndMarketingExpenses": 1938000000,
    "sellingGeneralAndAdministrativeExpenses": 1938000000,
    "otherExpenses": 10000000,
    "operatingExpenses": 13456000000,
    "costAndExpenses": 21757000000,
    "interestIncome": 0,
    "interestExpense": 1212000000,
    "depreciationAndAmortization": 3264000000,
    "ebitda": 8116000000,
    "ebitdaratio": 0.3050095832,
    "operatingIncome": 4852000000,
    "operatingIncomeRatio": 0.1823443196,
    "totalOtherIncomeExpensesNet": -1928000000,
    "incomeBeforeTax": 2924000000,
    "incomeBeforeTaxRatio": 0.109887632,
    "incomeTaxExpense": 700000000,
    "netIncome": 2147000000,
    "netIncomeRatio": 0.0806869856,
    "eps": 0.47,
    "epsdiluted": 0.46,
    "weightedAverageShsOut": 4562000000,
    "weightedAverageShsOutDil": 4617000000,
    "link": "https://www.sec.gov/Archives/edgar/data/1166691/000116669120000017/0001166691-20-000017-index.htm",
    "finalLink": "https://www.sec.gov/Archives/edgar/data/1166691/000116669120000017/cmcsa-3312020x10q.htm"
  }
]