[
  {
    "date": "2024-12-31",
    "symbol": "AMT",
    "reportedCurrency": "USD",
    "cik": "0001053507",
    "fillingDate": "2025-02-25",
    "acceptedDate": "2025-02-25 16:15:22",
    "calendarYear": "2024",
    "period": "Q4",
    "revenue": 2547600000,
    "costOfRevenue": 654400000,
    "grossProfit": 1893200000,
    "grossProfitRatio": 0.7431307898,
    "researchAndDevelopmentExpenses": 0,
    "generalAndAdministrativeExpenses": 0,
    "sellingAndMarketingExpenses": 0,
    "sellingGeneralAndAdministrativeExpenses": 243100000,
    "otherExpenses": 570000000,
    "operatingExpenses": 813100000,
    "costAndExpenses": 1467500000,
    "interestIncome": 32100000,
    "interestExpense": 321200000,
    "depreciationAndAmortization": 500900000,
    "ebitda": 2127800000,
    "ebitdaratio": 0.8352174596,
    "operatingIncome": 1080100000,
    "operatingIncomeRatio": 0.4239676558,
    "totalOtherIncomeExpensesNet": 225600000,
    "incomeBeforeTax": 1305700000,
    "incomeBeforeTaxRatio": 0.5125215889,
    "incomeTaxExpense": 75200000,
    "netIncome": 1229600000,
    "netIncomeRatio": 0.4826503376,
    "eps": 2.63,
    "epsdiluted": 2.63,
    "weightedAverageShsOut": 467337000,
    "weightedAverageShsOutDil": 468418000,
    "link": "https://www.sec.gov/Archives/edgar/data/1053507/000105350725000025/0001053507-25-000025-index.htm",
    "finalLink": "https://www.sec.gov/Archives/edgar/data/1053507/000105350725000025/amt-20241231.htm"
  },
  {
    "date": "2024-09-30",
    "symbol": "AMT",
    "reportedCurrency": "USD",
    "cik": "0001053507",
    "fillingDate": "2024-10-29",
    "acceptedDate": "2024-10-29 16:05:52",
    "calendarYear": "2024",
    "period": "Q3",
    "revenue": 2522300000,
    "costOfRevenue": 651800000,
    "grossProfit": 1870500000,
    "grossProfitRatio": 0.7415850613,
    "researchAndDevelopmentExpenses": 0,
    "generalAndAdministrativeExpenses": 0,
    "sellingAndMarketingExpenses": 0,
    "sellingGeneralAndAdministrativeExpenses": 227700000,
    "otherExpenses": 503600000,
    "operatingExpenses": 731300000,
    "costAndExpenses": 1310700000,
    "interestIncome": 37700000,
    "interestExpense": 356800000,
    "depreciationAndAmortization": 498500000,
    "ebitda": 1710100000,
    "ebitdaratio": 0.6779923086,
    "operatingIncome": 1139200000,
    "operatingIncomeRatio": 0.4516512707,
    "totalOtherIncomeExpensesNet": -588700000,
    "incomeBeforeTax": 550500000,
    "incomeBeforeTaxRatio": 0.2182531816,
    "incomeTaxExpense": 122400000,
    "netIncome": -792300000,
    "netIncomeRatio": -0.3141180668,
    "eps": -1.7,
    "epsdiluted": -1.69,
    "weightedAverageShsOut": 467196000,
    "weightedAverageShsOutDil": 468261000,
    "link": "https://www.sec.gov/Archives/edgar/data/1053507/000105350724000130/0001053507-24-000130-index.htm",
    "finalLink": "https://www.sec.gov/Archives/edgar/data/1053507/000105350724000130/amt-20240930.htm"
  },
  {
    "date": "2024-06-30",
    "symbol": "AMT",
    "reportedCurrency": "USD",
    "cik": "0001053507",
    "fillingDate": "2024-07-30",
    "acceptedDate": "2024-07-30 16:03:27",
    "calendarYear": "2024",
    "period": "Q2",
    "revenue": 2900300000,
    "costOfRevenue": 1383600000,
    "grossProfit": 1516700000,
    "grossProfitRatio": 0.5229459021,
    "researchAndDevelopmentExpenses": 0,
    "generalAndAdministrativeExpenses": 0,
    "sellingAndMarketingExpenses": 0,
    "sellingGeneralAndAdministrativeExpenses": 234300000,
    "otherExpenses": 87500000,
    "operatingExpenses": 794100000,
    "costAndExpenses": 1564400000,
    "interestIncome": 43700000,
    "interestExpense": 365400000,
    "depreciationAndAmortization": 561700000,
    "ebitda": 1855000000,
    "ebitdaratio": 0.639589008,
    "operatingIncome": 1335900000,
    "operatingIncomeRatio": 0.4606075234,
    "totalOtherIncomeExpensesNet": -255900000,
    "incomeBeforeTax": 1028400000,
    "incomeBeforeTaxRatio": 0.3545840086,
    "incomeTaxExpense": 120000000,
    "netIncome": 900300000,
    "netIncomeRatio": 0.3104161638,
    "eps": 1.93,
    "epsdiluted": 1.92,
    "weightedAverageShsOut": 467038000,
    "weightedAverageShsOutDil": 467781000,
    "link": "https://www.sec.gov/Archives/edgar/data/1053507/000105350724000105/0001053507-24-000105-index.htm",
    "finalLink": "https://www.sec.gov/Archives/edgar/data/1053507/000105350724000105/amt-20240630.htm"
  },
  {
    "date": "2024-03-31",
    "symbol": "AMT",
    "reportedCurrency": "USD",
    "cik": "0001053507",
    "fillingDate": "2024-04-30",
    "acceptedDate": "2024-04-30 16:06:15",
    "calendarYear": "2024",
    "period": "Q1",
    "revenue": 2834100000,
    "costOfRevenue": 1337700000,
    "grossProfit": 1496400000,
    "grossProfitRatio": 0.5279983063,
    "researchAndDevelopmentExpenses": 0,
    "generalAndAdministrativeExpenses": 0,
    "sellingAndMarketingExpenses": 0,
    "sellingGeneralAndAdministrativeExpenses": 257000000,
    "otherExpenses": -274500000,
    "operatingExpenses": 274500000,
    "costAndExpenses": 1612200000,
    "interestIncome": 48000000,
    "interestExpense": 366700000,
    "depreciationAndAmortization": 549400000,
    "ebitda": 1786000000,
    "ebitdaratio": 0.6301824212,
    "operatingIncome": 1221900000,
    "operatingIncomeRatio": 0.4311421615,
    "totalOtherIncomeExpensesNet": -205700000,
    "incomeBeforeTax": 1030900000,
    "incomeBeforeTaxRatio": 0.3637486327,
    "incomeTaxExpense": 109200000,
    "netIncome": 917400000,
    "netIncomeRatio": 0.3237006457,
    "eps": 1.97,
    "epsdiluted": 1.96,
    "weightedAverageShsOut": 466519000,
    "weightedAverageShsOutDil": 467660000,
    "link": "https://www.sec.gov/Archives/edgar/data/1053507/000105350724000084/0001053507-24-000084-index.htm",
    "finalLink": "https://www.sec.gov/Archives/edgar/data/1053507/000105350724000084/amt-20240331.htm"
  },
  {
    "date": "2023-12-31",
    "symbol": "AMT",
    "reportedCurrency": "USD",
    "cik": "0001053507",
    "fillingDate": "2024-02-27",
    "acceptedDate": "2024-02-27 16:21:21",
    "calendarYear": "2023",
    "period": "Q4",
    "revenue": 2786700000,
    "costOfRevenue": 1576300000,
    "grossProfit": 1210400000,
    "grossProfitRatio": 0.4343488714,
    "researchAndDevelopmentExpenses": 0,
    "generalAndAdministrativeExpenses": 0,
    "sellingAndMarketingExpenses": 0,
    "sellingGeneralAndAdministrativeExpenses": 252300000,
    "otherExpenses": -413500000,
    "operatingExpenses": 413500000,
    "costAndExpenses": 1989800000,
    "interestIncome": 36300000,
    "interestExpense": 350700000,
    "depreciationAndAmortization": 764900000,
    "ebitda": 1561800000,
    "ebitdaratio": 0.5604478415,
    "operatingIncome": 796900000,
    "operatingIncomeRatio": 0.2859654789,
    "totalOtherIncomeExpensesNet": -681700000,
    "incomeBeforeTax": 35200000,
    "incomeBeforeTaxRatio": 0.0126314279,
    "incomeTaxExpense": 21900000,
    "netIncome": 84900000,
    "netIncomeRatio": 0.0304661427,
    "eps": 0.18,
    "epsdiluted": 0.18,
    "weightedAverageShsOut": 466249000,
    "weightedAverageShsOutDil": 467453000,
    "link": "https://www.sec.gov/Archives/edgar/data/1053507/000105350724000011/0001053507-24-000011-index.htm",
    "finalLink": "https://www.sec.gov/Archives/edgar/data/1053507/000105350724000011/amt-20231231.htm"
  },
  {
    "date": "2023-09-30",
    "symbol": "AMT",
    "reportedCurrency": "USD",
    "cik": "0001053507",
    "fillingDate": "2023-10-26",
    "acceptedDate": "2023-10-26 16:08:36",
    "calendarYear": "2023",
    "period": "Q3",
    "revenue": 2818600000,
    "costOfRevenue": 815800000,
    "grossProfit": 2002800000,
    "grossProfitRatio": 0.710565529,
    "researchAndDevelopmentExpenses": 0,
    "generalAndAdministrativeExpenses": 0,
    "sellingAndMarketingExpenses": 0,
    "sellingGeneralAndAdministrativeExpenses": 231900000,
    "otherExpenses": 59200000,
    "operatingExpenses": 1022100000,
    "costAndExpenses": 1837900000,
    "interestIncome": 45700000,
    "interestExpense": 359200000,
    "depreciationAndAmortization": 762900000,
    "ebitda": 1747700000,
    "ebitdaratio": 0.6200596041,
    "operatingIncome": 658700000,
    "operatingIncomeRatio": 0.2336975804,
    "totalOtherIncomeExpensesNet": -341800000,
    "incomeBeforeTax": 643000000,
    "incomeBeforeTaxRatio": 0.2281274392,
    "incomeTaxExpense": 65700000,
    "netIncome": 586900000,
    "netIncomeRatio": 0.208223941,
    "eps": 1.26,
    "epsdiluted": 1.26,
    "weightedAverageShsOut": 466168000,
    "weightedAverageShsOutDil": 467161000,
    "link": "https://www.sec.gov/Archives/edgar/data/1053507/000105350723000161/0001053507-23-000161-index.htm",
    "finalLink": "https://www.sec.gov/Archives/edgar/data/1053507/000105350723000161/amt-20230930.htm"
  },
  {
    "date": "2023-06-30",
    "symbol": "AMT",
    "reportedCurrency": "USD",
    "cik": "0001053507",
    "fillingDate": "2023-07-27",
    "acceptedDate": "2023-07-27 16:05:55",
    "calendarYear": "2023",
    "period": "Q2",
    "revenue": 2771700000,
    "costOfRevenue": 827300000,
    "grossProfit": 1944400000,
    "grossProfitRatio": 0.7015189234,
    "researchAndDevelopmentExpenses": 0,
    "generalAndAdministrativeExpenses": 0,
    "sellingAndMarketingExpenses": 0,
    "sellingGeneralAndAdministrativeExpenses": 244400000,
    "otherExpenses": -81200000,
    "operatingExpenses": 1070700000,
    "costAndExpenses": 1898000000,
    "interestIncome": 30600000,
    "interestExpense": 348100000,
    "depreciationAndAmortization": 764600000,
    "ebitda": 1676800000,
    "ebitdaratio": 0.604971678,
    "operatingIncome": 873700000,
    "operatingIncomeRatio": 0.3152217051,
    "totalOtherIncomeExpensesNet": -399000000,
    "incomeBeforeTax": 474700000,
    "incomeBeforeTaxRatio": 0.1712667316,
    "incomeTaxExpense": 13200000,
    "netIncome": 475700000,
    "netIncomeRatio": 0.171627521,
    "eps": 1.02,
    "epsdiluted": 1.02,
    "weightedAverageShsOut": 466087000,
    "weightedAverageShsOutDil": 466979000,
    "link": "https://www.sec.gov/Archives/edgar/data/1053507/000105350723000142/0001053507-23-000142-index.htm",
    "finalLink": "https://www.sec.gov/Archives/edgar/data/1053507/000105350723000142/amt-20230630.htm"
  },
  {
    "date": "2023-03-31",
    "symbol": "AMT",
    "reportedCurrency": "USD",
    "cik": "0001053507",
    "fillingDate": "2023-04-26",
    "acceptedDate": "2023-04-26 16:06:15",
    "calendarYear": "2023",
    "period": "Q1",
    "revenue": 2767200000,
    "costOfRevenue": 806100000,
    "grossProfit": 1961100000,
    "grossProfitRatio": 0.7086947095,
    "researchAndDevelopmentExpenses": 0,
    "generalAndAdministrativeExpenses": 0,
    "sellingAndMarketingExpenses": 0,
    "sellingGeneralAndAdministrativeExpenses": 263900000,
    "otherExpenses": 921600000,
    "operatingExpenses": 1185500000,
    "costAndExpenses": 1991600000,
    "interestIncome": 30800000,
    "interestExpense": 340200000,
    "depreciationAndAmortization": 794100000,
    "ebitda": 1578500000,
    "ebitdaratio": 0.5704322058,
    "operatingIncome": 775600000,
    "operatingIncomeRatio": 0.2802833189,
    "totalOtherIncomeExpensesNet": -407200000,
    "incomeBeforeTax": 368400000,
    "incomeBeforeTaxRatio": 0.1331309627,
    "incomeTaxExpense": 53400000,
    "netIncome": 335800000,
    "netIncomeRatio": 0.1213501012,
    "eps": 0.72,
    "epsdiluted": 0.72,
    "weightedAverageShsOut": 465741000,
    "weightedAverageShsOutDil": 466810000,
    "link": "https://www.sec.gov/Archives/edgar/data/1053507/000105350723000114/0001053507-23-000114-index.htm",
    "finalLink": "https://www.sec.gov/Archives/edgar/data/1053507/000105350723000114/amt-20230331.htm"
  },
  {
    "date": "2022-12-31",
    "symbol": "AMT",
    "reportedCurrency": "USD",
    "cik": "0001053507",
    "fillingDate": "2023-02-23",
    "acceptedDate": "2023-02-23 16:13:08",
    "calendarYear": "2022",
    "period": "Q4",
    "revenue": 2705000000,
    "costOfRevenue": 805000000,
    "grossProfit": 1900000000,
    "grossProfitRatio": 0.7024029575,
    "researchAndDevelopmentExpenses": 0,
    "generalAndAdministrativeExpenses": 0,
    "sellingAndMarketingExpenses": 0,
    "sellingGeneralAndAdministrativeExpenses": 224300000,
    "otherExpenses": 1483700000,
    "operatingExpenses": 1708000000,
    "costAndExpenses": 2513000000,
    "interestIncome": 28600000,
    "interestExpense": 303500000,
    "depreciationAndAmortization": 814700000,
    "ebitda": 1716000000,
    "ebitdaratio": 0.6343807763,
    "operatingIncome": -455100000,
    "operatingIncomeRatio": -0.1682439926,
    "totalOtherIncomeExpensesNet": -950600000,
    "incomeBeforeTax": -758600000,
    "incomeBeforeTaxRatio": -0.2804436229,
    "incomeTaxExpense": -42000000,
    "netIncome": -716600000,
    "netIncomeRatio": -0.2649168207,
    "eps": -1.54,
    "epsdiluted": -1.54,
    "weightedAverageShsOut": 465609000,
    "weightedAverageShsOutDil": 466696000,
    "link": "https://www.sec.gov/Archives/edgar/data/1053507/000105350723000023/0001053507-23-000023-index.htm",
    "finalLink": "https://www.sec.gov/Archives/edgar/data/1053507/000105350723000023/amt-20221231.htm"
  },
  {
    "date": "2022-09-30",
    "symbol": "AMT",
    "reportedCurrency": "USD",
    "cik": "0001053507",
    "fillingDate": "2022-10-27",
    "acceptedDate": "2022-10-27 16:19:01",
    "calendarYear": "2022",
    "period": "Q3",
    "revenue": 2671500000,
    "costOfRevenue": 836500000,
    "grossProfit": 1835000000,
    "grossProfitRatio": 0.6868800299,
    "researchAndDevelopmentExpenses": 0,
    "generalAndAdministrativeExpenses": 0,
    "sellingAndMarketingExpenses": 0,
    "sellingGeneralAndAdministrativeExpenses": 231200000,
    "otherExpenses": 950900000,
    "operatingExpenses": 1182100000,
    "costAndExpenses": 2018600000,
    "interestIncome": 18800000,
    "interestExpense": 294000000,
    "depreciationAndAmortization": 898100000,
    "ebitda": 2048300000,
    "ebitdaratio": 0.7667228149,
    "operatingIncome": 1150200000,
    "operatingIncomeRatio": 0.4305446378,
    "totalOtherIncomeExpensesNet": -294400000,
    "incomeBeforeTax": 855800000,
    "incomeBeforeTaxRatio": 0.3203443758,
    "incomeTaxExpense": 36100000,
    "netIncome": 839700000,
    "netIncomeRatio": 0.314317799,
    "eps": 1.8,
    "epsdiluted": 1.8,
    "weightedAverageShsOut": 465594000,
    "weightedAverageShsOutDil": 466801003,
    "link": "https://www.sec.gov/Archives/edgar/data/1053507/000105350722000118/0001053507-22-000118-index.htm",
    "finalLink": "https://www.sec.gov/Archives/edgar/data/1053507/000105350722000118/amt-20220930.htm"
  },
  {
    "date": "2022-06-30",
    "symbol": "AMT",
    "reportedCurrency": "USD",
    "cik": "0001053507",
    "fillingDate": "2022-07-28",
    "acceptedDate": "2022-07-28 16:21:40",
    "calendarYear": "2022",
    "period": "Q2",
    "revenue": 2674300000,
    "costOfRevenue": 822900000,
    "grossProfit": 1851400000,
    "grossProfitRatio": 0.6922933104,
    "researchAndDevelopmentExpenses": 0,
    "generalAndAdministrativeExpenses": 0,
    "sellingAndMarketingExpenses": 0,
    "sellingGeneralAndAdministrativeExpenses": 222900000,
    "otherExpenses": 846200000,
    "operatingExpenses": 1069100000,
    "costAndExpenses": 1892000000,
    "interestIncome": 14300000,
    "interestExpense": 276600000,
    "depreciationAndAmortization": 826500000,
    "ebitda": 1631400000,
    "ebitdaratio": 0.6100287926,
    "operatingIncome": 1174900000,
    "operatingIncomeRatio": 0.4393299181,
    "totalOtherIncomeExpensesNet": -276600000,
    "incomeBeforeTax": 898300000,
    "incomeBeforeTaxRatio": 0.3359009834,
    "incomeTaxExpense": 7400000,
    "netIncome": 898200000,
    "netIncomeRatio": 0.3358635905,
    "eps": 1.96,
    "epsdiluted": 1.95,
    "weightedAverageShsOut": 458776000,
    "weightedAverageShsOutDil": 459819003,
    "link": "https://www.sec.gov/Archives/edgar/data/1053507/000105350722000099/0001053507-22-000099-index.htm",
    "finalLink": "https://www.sec.gov/Archives/edgar/data/1053507/000105350722000099/amt-20220630.htm"
  },
  {
    "date": "2022-03-31",
    "symbol": "AMT",
    "reportedCurrency": "USD",
    "cik": "0001053507",
    "fillingDate": "2022-04-27",
    "acceptedDate": "2022-04-27 16:10:42",
    "calendarYear": "2022",
    "period": "Q1",
    "revenue": 2660300000,
    "costOfRevenue": 799400000,
    "grossProfit": 1860900000,
    "grossProfitRatio": 0.6995075743,
    "researchAndDevelopmentExpenses": 0,
    "generalAndAdministrativeExpenses": 0,
    "sellingAndMarketingExpenses": 0,
    "sellingGeneralAndAdministrativeExpenses": 293900000,
    "otherExpenses": 841900000,
    "operatingExpenses": 1135800000,
    "costAndExpenses": 1935200000,
    "interestIncome": 9900000,
    "interestExpense": 262400000,
    "depreciationAndAmortization": 815800000,
    "ebitda": 1560800000,
    "ebitdaratio": 0.586700748,
    "operatingIncome": 987600000,
    "operatingIncomeRatio": 0.3712363267,
    "totalOtherIncomeExpensesNet": -262400000,
    "incomeBeforeTax": 725200000,
    "incomeBeforeTaxRatio": 0.2726008345,
    "incomeTaxExpense": 22500000,
    "netIncome": 711700000,
    "netIncomeRatio": 0.2675262188,
    "eps": 1.56,
    "epsdiluted": 1.56,
    "weightedAverageShsOut": 455946000,
    "weightedAverageShsOutDil": 457211000,
    "link": "https://www.sec.gov/Archives/edgar/data/1053507/000105350722000068/0001053507-22-000068-index.htm",
    "finalLink": "https://www.sec.gov/Archives/edgar/data/1053507/000105350722000068/amt-20220331.htm"
  },
  {
    "date": "2021-12-31",
    "symbol": "AMT",
    "reportedCurrency": "USD",
    "cik": "0001053507",
    "fillingDate": "2022-02-25",
    "acceptedDate": "2022-02-24 17:52:05",
    "calendarYear": "2021",
    "period": "Q4",
    "revenue": 2445200000,
    "costOfRevenue": 735500000,
    "grossProfit": 1709700000,
    "grossProfitRatio": 0.6992066089,
    "researchAndDevelopmentExpenses": 0,
    "generalAndAdministrativeExpenses": 0,
    "sellingAndMarketingExpenses": 0,
    "sellingGeneralAndAdministrativeExpenses": 215900000,
    "otherExpenses": 126500000,
    "operatingExpenses": 1083100000,
    "costAndExpenses": 1818600000,
    "interestIncome": 12000000,
    "interestExpense": 224100000,
    "depreciationAndAmortization": 643900000,
    "ebitda": 1349600000,
    "ebitdaratio": 0.5519384917,
    "operatingIncome": 626600000,
    "operatingIncomeRatio": 0.2562571569,
    "totalOtherIncomeExpensesNet": -98100000,
    "incomeBeforeTax": 528500000,
    "incomeBeforeTaxRatio": 0.2161377392,
    "incomeTaxExpense": 87300000,
    "netIncome": 453400000,
    "netIncomeRatio": 0.1854245052,
    "eps": 1,
    "epsdiluted": 0.99,
    "weightedAverageShsOut": 455502003,
    "weightedAverageShsOutDil": 457131003,
    "link": "https://www.sec.gov/Archives/edgar/data/1053507/000105350722000017/0001053507-22-000017-index.htm",
    "finalLink": "https://www.sec.gov/Archives/edgar/data/1053507/000105350722000017/amt-20211231.htm"
  },
  {
    "date": "2021-09-30",
    "symbol": "AMT",
    "reportedCurrency": "USD",
    "cik": "0001053507",
    "fillingDate": "2021-10-28",
    "acceptedDate": "2021-10-28 16:19:33",
    "calendarYear": "2021",
    "period": "Q3",
    "revenue": 2454300000,
    "costOfRevenue": 724300000,
    "grossProfit": 1730000000,
    "grossProfitRatio": 0.7048853033,
    "researchAndDevelopmentExpenses": 0,
    "generalAndAdministrativeExpenses": 0,
    "sellingAndMarketingExpenses": 0,
    "sellingGeneralAndAdministrativeExpenses": 205900000,
    "otherExpenses": 166800000,
    "operatingExpenses": 902500000,
    "costAndExpenses": 1626800000,
    "interestIncome": 9400000,
    "interestExpense": 226100000,
    "depreciationAndAmortization": 611400000,
    "ebitda": 1461200000,
    "ebitdaratio": 0.59536324,
    "operatingIncome": 827500000,
    "operatingIncomeRatio": 0.337163346,
    "totalOtherIncomeExpensesNet": -49900000,
    "incomeBeforeTax": 777600000,
    "incomeBeforeTaxRatio": 0.3168316832,
    "incomeTaxExpense": 51400000,
    "netIncome": 723000000,
    "netIncomeRatio": 0.2945850141,
    "eps": 1.59,
    "epsdiluted": 1.58,
    "weightedAverageShsOut": 455224003,
    "weightedAverageShsOutDil": 456977003,
    "link": "https://www.sec.gov/Archives/edgar/data/1053507/000105350721000159/0001053507-21-000159-index.htm",
    "finalLink": "https://www.sec.gov/Archives/edgar/data/1053507/000105350721000159/amt-20210930.htm"
  },
  {
    "date": "2021-06-30",
    "symbol": "AMT",
    "reportedCurrency": "USD",
    "cik": "0001053507",
    "fillingDate": "2021-07-29",
    "acceptedDate": "2021-07-29 16:16:35",
    "calendarYear": "2021",
    "period": "Q2",
    "revenue": 2298900000,
    "costOfRevenue": 647900000,
    "grossProfit": 1651000000,
    "grossProfitRatio": 0.7181695594,
    "researchAndDevelopmentExpenses": 0,
    "generalAndAdministrativeExpenses": 0,
    "sellingAndMarketingExpenses": 0,
    "sellingGeneralAndAdministrativeExpenses": 207200000,
    "otherExpenses": 177600000,
    "operatingExpenses": 801800000,
    "costAndExpenses": 1449700000,
    "interestIncome": 7600000,
    "interestExpense": 213700000,
    "depreciationAndAmortization": 554800000,
    "ebitda": 1471700000,
    "ebitdaratio": 0.6401757362,
    "operatingIncome": 849200000,
    "operatingIncomeRatio": 0.369394058,
    "totalOtherIncomeExpensesNet": -28500000,
    "incomeBeforeTax": 820700000,
    "incomeBeforeTaxRatio": 0.3569968246,
    "incomeTaxExpense": 72800000,
    "netIncome": 746300000,
    "netIncomeRatio": 0.3246335204,
    "eps": 1.66,
    "epsdiluted": 1.65,
    "weightedAverageShsOut": 450617003,
    "weightedAverageShsOutDil": 452354003,
    "link": "https://www.sec.gov/Archives/edgar/data/1053507/000105350721000129/0001053507-21-000129-index.htm",
    "finalLink": "https://www.sec.gov/Archives/edgar/data/1053507/000105350721000129/amt-20210630.htm"
  },
  {
    "date": "2021-03-31",
    "symbol": "AMT",
    "reportedCurrency": "USD",
    "cik": "0001053507",
    "fillingDate": "2021-04-29",
    "acceptedDate": "2021-04-29 16:19:15",
    "calendarYear": "2021",
    "period": "Q1",
    "revenue": 2158500000,
    "costOfRevenue": 574300000,
    "grossProfit": 1584200000,
    "grossProfitRatio": 0.7339356034,
    "researchAndDevelopmentExpenses": 0,
    "generalAndAdministrativeExpenses": 0,
    "sellingAndMarketingExpenses": 0,
    "sellingGeneralAndAdministrativeExpenses": 182600000,
    "otherExpenses": 95200000,
    "operatingExpenses": 755500000,
    "costAndExpenses": 1329800000,
    "interestIncome": 11400000,
    "interestExpense": 207000000,
    "depreciationAndAmortization": 522500000,
    "ebitda": 1403000000,
    "ebitdaratio": 0.6499884179,
    "operatingIncome": 828700000,
    "operatingIncomeRatio": 0.3839240213,
    "totalOtherIncomeExpensesNet": -126100000,
    "incomeBeforeTax": 702600000,
    "incomeBeforeTaxRatio": 0.3255038221,
    "incomeTaxExpense": 50300000,
    "netIncome": 645000000,
    "netIncomeRatio": 0.298818624,
    "eps": 1.45,
    "epsdiluted": 1.45,
    "weightedAverageShsOut": 444486003,
    "weightedAverageShsOutDil": 446294003,
    "link": "https://www.sec.gov/Archives/edgar/data/1053507/000105350721000085/0001053507-21-000085-index.htm",
    "finalLink": "https://www.sec.gov/Archives/edgar/data/1053507/000105350721000085/amt-20210331.htm"
  },
  {
    "date": "2020-12-31",
    "symbol": "AMT",
    "reportedCurrency": "USD",
    "cik": "0001053507",
    "fillingDate": "2021-02-25",
    "acceptedDate": "2021-02-25 16:15:20",
    "calendarYear": "2020",
    "period": "Q4",
    "revenue": 2122500000,
    "costOfRevenue": 572600000,
    "grossProfit": 1549900000,
    "grossProfitRatio": 0.7302237927,
    "researchAndDevelopmentExpenses": 0,
    "generalAndAdministrativeExpenses": 217800000,
    "sellingAndMarketingExpenses": -21500000,
    "sellingGeneralAndAdministrativeExpenses": 196300000,
    "otherExpenses": -70000000,
    "operatingExpenses": 875600000,
    "costAndExpenses": 1448200000,
    "interestIncome": 11500000,
    "interestExpense": 196100000,
    "depreciationAndAmortization": 481200000,
    "ebitda": 1369800000,
    "ebitdaratio": 0.6453710247,
    "operatingIncome": 674300000,
    "operatingIncomeRatio": 0.3176914016,
    "totalOtherIncomeExpensesNet": -55500000,
    "incomeBeforeTax": 419700000,
    "incomeBeforeTaxRatio": 0.1977385159,
    "incomeTaxExpense": 58100000,
    "netIncome": 365100000,
    "netIncomeRatio": 0.1720141343,
    "eps": 0.82,
    "epsdiluted": 0.82,
    "weightedAverageShsOut": 444293003,
    "weightedAverageShsOutDil": 446347003,
    "link": "https://www.sec.gov/Archives/edgar/data/1053507/000105350721000026/0001053507-21-000026-index.htm",
    "finalLink": "https://www.sec.gov/Archives/edgar/data/1053507/000105350721000026/amt-20201231.htm"
  },
  {
    "date": "2020-09-30",
    "symbol": "AMT",
    "reportedCurrency": "USD",
    "cik": "0001053507",
    "fillingDate": "2020-10-29",
    "acceptedDate": "2020-10-29 16:12:59",
    "calendarYear": "2020",
    "period": "Q3",
    "revenue": 2012900000,
    "costOfRevenue": 562600000,
    "grossProfit": 1450300000,
    "grossProfitRatio": 0.7205027572,
    "researchAndDevelopmentExpenses": 0,
    "generalAndAdministrativeExpenses": 0,
    "sellingAndMarketingExpenses": 0,
    "sellingGeneralAndAdministrativeExpenses": 176000000,
    "otherExpenses": -64500000,
    "operatingExpenses": 665200000,
    "costAndExpenses": 1227800000,
    "interestIncome": 9700000,
    "interestExpense": 190900000,
    "depreciationAndAmortization": 473200000,
    "ebitda": 1262500000,
    "ebitdaratio": 0.6272045308,
    "operatingIncome": 785100000,
    "operatingIncomeRatio": 0.3900342789,
    "totalOtherIncomeExpensesNet": -282900000,
    "incomeBeforeTax": 502200000,
    "incomeBeforeTaxRatio": 0.2494907844,
    "incomeTaxExpense": 39300000,
    "netIncome": 464400000,
    "netIncomeRatio": 0.2307119082,
    "eps": 1.05,
    "epsdiluted": 1.04,
    "weightedAverageShsOut": 443766003,
    "weightedAverageShsOutDil": 446156003,
    "link": "https://www.sec.gov/Archives/edgar/data/1053507/000105350720000161/0001053507-20-000161-index.htm",
    "finalLink": "https://www.sec.gov/Archives/edgar/data/1053507/000105350720000161/amt-20200930.htm"
  },
  {
    "date": "2020-06-30",
    "symbol": "AMT",
    "reportedCurrency": "USD",
    "cik": "0001053507",
    "fillingDate": "2020-07-30",
    "acceptedDate": "2020-07-30 19:14:33",
    "calendarYear": "2020",
    "period": "Q2",
    "revenue": 1913000000,
    "costOfRevenue": 540000000,
    "grossProfit": 1373000000,
    "grossProfitRatio": 0.7177208573,
    "researchAndDevelopmentExpenses": 0,
    "generalAndAdministrativeExpenses": 0,
    "sellingAndMarketingExpenses": 0,
    "sellingGeneralAndAdministrativeExpenses": 188600000,
    "otherExpenses": -42500000,
    "operatingExpenses": 681700000,
    "costAndExpenses": 1221700000,
    "interestIncome": 8400000,
    "interestExpense": 197700000,
    "depreciationAndAmortization": 454800000,
    "ebitda": 1183600000,
    "ebitdaratio": 0.6187140617,
    "operatingIncome": 691300000,
    "operatingIncomeRatio": 0.3613695766,
    "totalOtherIncomeExpensesNet": -231800000,
    "incomeBeforeTax": 459500000,
    "incomeBeforeTaxRatio": 0.2401986409,
    "incomeTaxExpense": 11100000,
    "netIncome": 446100000,
    "netIncomeRatio": 0.2331939362,
    "eps": 1.01,
    "epsdiluted": 1,
    "weightedAverageShsOut": 443436003,
    "weightedAverageShsOutDil": 445867003,
    "link": "https://www.sec.gov/Archives/edgar/data/1053507/000105350720000129/0001053507-20-000129-index.htm",
    "finalLink": "https://www.sec.gov/Archives/edgar/data/1053507/000105350720000129/amt-20200630.htm"
  },
  {
    "date": "2020-03-31",
    "symbol": "AMT",
    "reportedCurrency": "USD",
    "cik": "0001053507",
    "fillingDate": "2020-04-29",
    "acceptedDate": "2020-04-29 16:25:19",
    "calendarYear": "2020",
    "period": "Q1",
    "revenue": 1993100000,
    "costOfRevenue": 552000000,
    "grossProfit": 1441100000,
    "grossProfitRatio": 0.7230445035,
    "researchAndDevelopmentExpenses": 0,
    "generalAndAdministrativeExpenses": 217800000,
    "sellingAndMarketingExpenses": 0,
    "sellingGeneralAndAdministrativeExpenses": 217800000,
    "otherExpenses": -63800000,
    "operatingExpenses": 704300000,
    "costAndExpenses": 1256300000,
    "interestIncome": 10100000,
    "interestExpense": 208800000,
    "depreciationAndAmortization": 473300000,
    "ebitda": 1227000000,
    "ebitdaratio": 0.6156239025,
    "operatingIncome": 736800000,
    "operatingIncomeRatio": 0.3696753801,
    "totalOtherIncomeExpensesNet": -297100000,
    "incomeBeforeTax": 439700000,
    "incomeBeforeTaxRatio": 0.2206111083,
    "incomeTaxExpense": 21100000,
    "netIncome": 415000000,
    "netIncomeRatio": 0.2082183533,
    "eps": 0.94,
    "epsdiluted": 0.93,
    "weightedAverageShsOut": 443055003,
    "weightedAverageShsOutDil": 445832003,
    "link": "https://www.sec.gov/Archives/edgar/data/1053507/000105350720000093/0001053507-20-000093-index.htm",
    "finalLink": "https://www.sec.gov/Archives/edgar/data/1053507/000105350720000093/amt-20200331.htm"
  }
]