[
  {
    "date": "2024-12-31",
    "symbol": "AMT",
    "reportedCurrency": "USD",
    "cik": "0001053507",
    "fillingDate": "2025-02-25",
    "acceptedDate": "2025-02-25 16:15:22",
    "calendarYear": "2024",
    "period": "FY",
    "revenue": 10127200000,
    "costOfRevenue": 0,
    "grossProfit": 10127200000,
    "grossProfitRatio": 1,
    "researchAndDevelopmentExpenses": 0,
    "generalAndAdministrativeExpenses": 0,
    "sellingAndMarketingExpenses": 0,
    "sellingGeneralAndAdministrativeExpenses": 933400000,
    "otherExpenses": 4677300000,
    "operatingExpenses": 5610700000,
    "costAndExpenses": 5610700000,
    "interestIncome": 135200000,
    "interestExpense": 1404500000,
    "depreciationAndAmortization": 2124800000,
    "ebitda": 7154100000,
    "ebitdaratio": 0.7064242831,
    "operatingIncome": 4516500000,
    "operatingIncomeRatio": 0.4459771704,
    "totalOtherIncomeExpensesNet": -891700000,
    "incomeBeforeTax": 3624800000,
    "incomeBeforeTaxRatio": 0.3579271664,
    "incomeTaxExpense": 366300000,
    "netIncome": 2255000000,
    "netIncomeRatio": 0.2226676673,
    "eps": 4.83,
    "epsdiluted": 4.82,
    "weightedAverageShsOut": 467011000,
    "weightedAverageShsOutDil": 468120000,
    "link": "https://www.sec.gov/Archives/edgar/data/1053507/000105350725000025/0001053507-25-000025-index.htm",
    "finalLink": "https://www.sec.gov/Archives/edgar/data/1053507/000105350725000025/amt-20241231.htm"
  },
  {
    "date": "2023-12-31",
    "symbol": "AMT",
    "reportedCurrency": "USD",
    "cik": "0001053507",
    "fillingDate": "2024-02-27",
    "acceptedDate": "2024-02-27 16:21:21",
    "calendarYear": "2023",
    "period": "FY",
    "revenue": 11144200000,
    "costOfRevenue": 3260600000,
    "grossProfit": 7883600000,
    "grossProfitRatio": 0.7074173112,
    "researchAndDevelopmentExpenses": 0,
    "generalAndAdministrativeExpenses": 0,
    "sellingAndMarketingExpenses": 0,
    "sellingGeneralAndAdministrativeExpenses": 992500000,
    "otherExpenses": 3866200000,
    "operatingExpenses": 4858700000,
    "costAndExpenses": 8119300000,
    "interestIncome": 143400000,
    "interestExpense": 1398200000,
    "depreciationAndAmortization": 3086500000,
    "ebitda": 6006000000,
    "ebitdaratio": 0.5389350514,
    "operatingIncome": 3024900000,
    "operatingIncomeRatio": 0.2714326735,
    "totalOtherIncomeExpensesNet": -1503600000,
    "incomeBeforeTax": 1521300000,
    "incomeBeforeTaxRatio": 0.1365104718,
    "incomeTaxExpense": 154200000,
    "netIncome": 1483300000,
    "netIncomeRatio": 0.1331006263,
    "eps": 3.18,
    "epsdiluted": 3.18,
    "weightedAverageShsOut": 466063000,
    "weightedAverageShsOutDil": 467162000,
    "link": "https://www.sec.gov/Archives/edgar/data/1053507/000105350724000011/0001053507-24-000011-index.htm",
    "finalLink": "https://www.sec.gov/Archives/edgar/data/1053507/000105350724000011/amt-20231231.htm"
  },
  {
    "date": "2022-12-31",
    "symbol": "AMT",
    "reportedCurrency": "USD",
    "cik": "0001053507",
    "fillingDate": "2023-02-23",
    "acceptedDate": "2023-02-23 16:13:08",
    "calendarYear": "2022",
    "period": "FY",
    "revenue": 10711100000,
    "costOfRevenue": 3263800000,
    "grossProfit": 7447300000,
    "grossProfitRatio": 0.6952880657,
    "researchAndDevelopmentExpenses": 0.16064643220584254,
    "generalAndAdministrativeExpenses": 0,
    "sellingAndMarketingExpenses": 0,
    "sellingGeneralAndAdministrativeExpenses": 972300000,
    "otherExpenses": 4122700000,
    "operatingExpenses": 5095000000,
    "costAndExpenses": 8358800000,
    "interestIncome": 71600000,
    "interestExpense": 1136500000,
    "depreciationAndAmortization": 7604300000,
    "ebitda": 6461900000,
    "ebitdaratio": 0.6032900449,
    "operatingIncome": 2352300000,
    "operatingIncomeRatio": 0.2196132984,
    "totalOtherIncomeExpensesNet": -631600000,
    "incomeBeforeTax": 1720700000,
    "incomeBeforeTaxRatio": 0.1606464322,
    "incomeTaxExpense": 24000000,
    "netIncome": 1765800000,
    "netIncomeRatio": 0.1648570175,
    "eps": 3.83,
    "epsdiluted": 3.82,
    "weightedAverageShsOut": 461519000,
    "weightedAverageShsOutDil": 462750000,
    "link": "https://www.sec.gov/Archives/edgar/data/1053507/000105350723000023/0001053507-23-000023-index.htm",
    "finalLink": "https://www.sec.gov/Archives/edgar/data/1053507/000105350723000023/amt-20221231.htm"
  },
  {
    "date": "2021-12-31",
    "symbol": "AMT",
    "reportedCurrency": "USD",
    "cik": "0001053507",
    "fillingDate": "2022-02-25",
    "acceptedDate": "2022-02-24 17:52:05",
    "calendarYear": "2021",
    "period": "FY",
    "revenue": 9356900000,
    "costOfRevenue": 2682000000,
    "grossProfit": 6674900000,
    "grossProfitRatio": 0.7133666065,
    "researchAndDevelopmentExpenses": 0.30238647415276426,
    "generalAndAdministrativeExpenses": 811600000,
    "sellingAndMarketingExpenses": 0,
    "sellingGeneralAndAdministrativeExpenses": 811600000,
    "otherExpenses": 2731300000,
    "operatingExpenses": 3542900000,
    "costAndExpenses": 6224900000,
    "interestIncome": 40400000,
    "interestExpense": 870900000,
    "depreciationAndAmortization": 5812600000,
    "ebitda": 5876900000,
    "ebitdaratio": 0.6280819502,
    "operatingIncome": 3132000000,
    "operatingIncomeRatio": 0.3347262448,
    "totalOtherIncomeExpensesNet": -302600000,
    "incomeBeforeTax": 2829400000,
    "incomeBeforeTaxRatio": 0.3023864742,
    "incomeTaxExpense": 261800000,
    "netIncome": 2567700000,
    "netIncomeRatio": 0.2744178093,
    "eps": 5.69,
    "epsdiluted": 5.66,
    "weightedAverageShsOut": 451498000,
    "weightedAverageShsOutDil": 453294000,
    "link": "https://www.sec.gov/Archives/edgar/data/1053507/000105350722000017/0001053507-22-000017-index.htm",
    "finalLink": "https://www.sec.gov/Archives/edgar/data/1053507/000105350722000017/amt-20211231.htm"
  },
  {
    "date": "2020-12-31",
    "symbol": "AMT",
    "reportedCurrency": "USD",
    "cik": "0001053507",
    "fillingDate": "2021-02-25",
    "acceptedDate": "2021-02-25 16:15:20",
    "calendarYear": "2020",
    "period": "FY",
    "revenue": 8041500000,
    "costOfRevenue": 2227200000,
    "grossProfit": 5814300000,
    "grossProfitRatio": 0.7230367469,
    "researchAndDevelopmentExpenses": 0.2264627246160542,
    "generalAndAdministrativeExpenses": 781700000,
    "sellingAndMarketingExpenses": -3000000,
    "sellingGeneralAndAdministrativeExpenses": 778700000,
    "otherExpenses": 2148100000,
    "operatingExpenses": 2926800000,
    "costAndExpenses": 5154000000,
    "interestIncome": 39700000,
    "interestExpense": 793500000,
    "depreciationAndAmortization": 4928500000,
    "ebitda": 4995300000,
    "ebitdaratio": 0.6211900765,
    "operatingIncome": 2887500000,
    "operatingIncomeRatio": 0.3590747995,
    "totalOtherIncomeExpensesNet": -1066400000,
    "incomeBeforeTax": 1821100000,
    "incomeBeforeTaxRatio": 0.2264627246,
    "incomeTaxExpense": 129600000,
    "netIncome": 1690600000,
    "netIncomeRatio": 0.210234409,
    "eps": 3.81,
    "epsdiluted": 3.79,
    "weightedAverageShsOut": 443640000,
    "weightedAverageShsOutDil": 446104000,
    "link": "https://www.sec.gov/Archives/edgar/data/1053507/000105350721000026/0001053507-21-000026-index.htm",
    "finalLink": "https://www.sec.gov/Archives/edgar/data/1053507/000105350721000026/amt-20201231.htm"
  },
  {
    "date": "2019-12-31",
    "symbol": "AMT",
    "reportedCurrency": "USD",
    "cik": "0001053507",
    "fillingDate": "2020-02-25",
    "acceptedDate": "2020-02-25 16:10:15",
    "calendarYear": "2019",
    "period": "FY",
    "revenue": 7580300000,
    "costOfRevenue": 2216800000,
    "grossProfit": 5363500000,
    "grossProfitRatio": 0.7075577484,
    "researchAndDevelopmentExpenses": 0.2528132131973669,
    "generalAndAdministrativeExpenses": 733200000,
    "sellingAndMarketingExpenses": -2800000,
    "sellingGeneralAndAdministrativeExpenses": 730400000,
    "otherExpenses": 1944700000,
    "operatingExpenses": 2675100000,
    "costAndExpenses": 4891900000,
    "interestIncome": 46800000,
    "interestExpense": 814200000,
    "depreciationAndAmortization": 4730300000,
    "ebitda": 4628400000,
    "ebitdaratio": 0.6105826946,
    "operatingIncome": 2688400000,
    "operatingIncomeRatio": 0.3546561482,
    "totalOtherIncomeExpensesNet": -772000000,
    "incomeBeforeTax": 1916400000,
    "incomeBeforeTaxRatio": 0.2528132132,
    "incomeTaxExpense": -200000,
    "netIncome": 1887800000,
    "netIncomeRatio": 0.2490402755,
    "eps": 4.27,
    "epsdiluted": 4.24,
    "weightedAverageShsOut": 442319000,
    "weightedAverageShsOutDil": 445520000,
    "link": "https://www.sec.gov/Archives/edgar/data/1053507/000105350720000028/0001053507-20-000028-index.htm",
    "finalLink": "https://www.sec.gov/Archives/edgar/data/1053507/000105350720000028/amt1231201910k.htm"
  },
  {
    "date": "2018-12-31",
    "symbol": "AMT",
    "reportedCurrency": "USD",
    "cik": "0001053507",
    "fillingDate": "2019-02-27",
    "acceptedDate": "2019-02-27 16:46:19",
    "calendarYear": "2018",
    "period": "FY",
    "revenue": 7440100000,
    "costOfRevenue": 2177800000,
    "grossProfit": 5262300000,
    "grossProfitRatio": 0.7072888805,
    "researchAndDevelopmentExpenses": 0.1551860862085187,
    "generalAndAdministrativeExpenses": 736500000,
    "sellingAndMarketingExpenses": -3300000,
    "sellingGeneralAndAdministrativeExpenses": 733200000,
    "otherExpenses": 23800000,
    "operatingExpenses": 3357300000,
    "costAndExpenses": 5535100000,
    "interestIncome": 54700000,
    "interestExpense": 825600000,
    "depreciationAndAmortization": 5027900000,
    "ebitda": 4523000000,
    "ebitdaratio": 0.6079219365,
    "operatingIncome": 1905000000,
    "operatingIncomeRatio": 0.2560449456,
    "totalOtherIncomeExpensesNet": -750400000,
    "incomeBeforeTax": 1154600000,
    "incomeBeforeTaxRatio": 0.1551860862,
    "incomeTaxExpense": -110100000,
    "netIncome": 1236400000,
    "netIncomeRatio": 0.1661805621,
    "eps": 2.81,
    "epsdiluted": 2.79,
    "weightedAverageShsOut": 439606003,
    "weightedAverageShsOutDil": 442960003,
    "link": "https://www.sec.gov/Archives/edgar/data/1053507/000105350719000012/0001053507-19-000012-index.htm",
    "finalLink": "https://www.sec.gov/Archives/edgar/data/1053507/000105350719000012/amt1231201810k.htm"
  },
  {
    "date": "2017-12-31",
    "symbol": "AMT",
    "reportedCurrency": "USD",
    "cik": "0001053507",
    "fillingDate": "2018-02-28",
    "acceptedDate": "2018-02-27 17:43:57",
    "calendarYear": "2017",
    "period": "FY",
    "revenue": 6663900000,
    "costOfRevenue": 2053700000,
    "grossProfit": 4610200000,
    "grossProfitRatio": 0.6918171041,
    "researchAndDevelopmentExpenses": 0.18849322468824561,
    "generalAndAdministrativeExpenses": 639900000,
    "sellingAndMarketingExpenses": 0,
    "sellingGeneralAndAdministrativeExpenses": 639900000,
    "otherExpenses": 31300000,
    "operatingExpenses": 2611800000,
    "costAndExpenses": 4665500000,
    "interestIncome": 47400000,
    "interestExpense": 750800000,
    "depreciationAndAmortization": 4450400000,
    "ebitda": 3929400000,
    "ebitdaratio": 0.5896547067,
    "operatingIncome": 1998400000,
    "operatingIncomeRatio": 0.299884452,
    "totalOtherIncomeExpensesNet": -742300000,
    "incomeBeforeTax": 1256100000,
    "incomeBeforeTaxRatio": 0.1884932247,
    "incomeTaxExpense": 30700000,
    "netIncome": 1238900000,
    "netIncomeRatio": 0.1859121535,
    "eps": 2.69,
    "epsdiluted": 2.67,
    "weightedAverageShsOut": 428181003,
    "weightedAverageShsOutDil": 431688003,
    "link": "https://www.sec.gov/Archives/edgar/data/1053507/000105350718000006/0001053507-18-000006-index.htm",
    "finalLink": "https://www.sec.gov/Archives/edgar/data/1053507/000105350718000006/amt1231201710k.htm"
  },
  {
    "date": "2016-12-31",
    "symbol": "AMT",
    "reportedCurrency": "USD",
    "cik": "0001053507",
    "fillingDate": "2017-02-27",
    "acceptedDate": "2017-02-27 17:05:07",
    "calendarYear": "2016",
    "period": "FY",
    "revenue": 5785668000,
    "costOfRevenue": 1787951000,
    "grossProfit": 3997717000,
    "grossProfitRatio": 0.6909689599,
    "researchAndDevelopmentExpenses": 0.1945946431768985,
    "generalAndAdministrativeExpenses": 545833000,
    "sellingAndMarketingExpenses": 0,
    "sellingGeneralAndAdministrativeExpenses": 545833000,
    "otherExpenses": -47790000,
    "operatingExpenses": 2144688000,
    "costAndExpenses": 3932639000,
    "interestIncome": 37741000,
    "interestExpense": 718288000,
    "depreciationAndAmortization": 3957415000,
    "ebitda": 3458000000,
    "ebitdaratio": 0.5976837938,
    "operatingIncome": 1853029000,
    "operatingIncomeRatio": 0.3202791795,
    "totalOtherIncomeExpensesNet": -727140000,
    "incomeBeforeTax": 1125860000,
    "incomeBeforeTaxRatio": 0.1945946432,
    "incomeTaxExpense": 155501000,
    "netIncome": 956425000,
    "netIncomeRatio": 0.1653093472,
    "eps": 2,
    "epsdiluted": 1.98,
    "weightedAverageShsOut": 425143003,
    "weightedAverageShsOutDil": 429283003,
    "link": "https://www.sec.gov/Archives/edgar/data/1053507/000105350717000009/0001053507-17-000009-index.htm",
    "finalLink": "https://www.sec.gov/Archives/edgar/data/1053507/000105350717000009/amt1231201610k.htm"
  },
  {
    "date": "2015-12-31",
    "symbol": "AMT",
    "reportedCurrency": "USD",
    "cik": "0001053507",
    "fillingDate": "2016-02-26",
    "acceptedDate": "2016-02-26 17:35:55",
    "calendarYear": "2015",
    "period": "FY",
    "revenue": 4771516000,
    "costOfRevenue": 1306815000,
    "grossProfit": 3464701000,
    "grossProfitRatio": 0.7261216351,
    "researchAndDevelopmentExpenses": 0,
    "generalAndAdministrativeExpenses": 499888000,
    "sellingAndMarketingExpenses": 0,
    "sellingGeneralAndAdministrativeExpenses": 499888000,
    "otherExpenses": -134960000,
    "operatingExpenses": 1851912000,
    "costAndExpenses": 3158727000,
    "interestIncome": 16479000,
    "interestExpense": 584740000,
    "depreciationAndAmortization": 1285328000,
    "ebitda": 2712000000,
    "ebitdaratio": 0.568372819,
    "operatingIncome": 1612789000,
    "operatingIncomeRatio": 0.3380034773,
    "totalOtherIncomeExpensesNet": -782827000,
    "incomeBeforeTax": 829962000,
    "incomeBeforeTaxRatio": 0.1739409446,
    "incomeTaxExpense": 157955000,
    "netIncome": 685074000,
    "netIncomeRatio": 0.1435757524,
    "eps": 1.42,
    "epsdiluted": 1.41,
    "weightedAverageShsOut": 418907003,
    "weightedAverageShsOutDil": 423015003,
    "link": "https://www.sec.gov/Archives/edgar/data/1053507/000105350716000018/0001053507-16-000018-index.htm",
    "finalLink": "https://www.sec.gov/Archives/edgar/data/1053507/000105350716000018/amt1231201510k.htm"
  }
]