[
  {
    "date": "2024-12-31",
    "symbol": "NVO",
    "reportedCurrency": "DKK",
    "cik": "0000000000",
    "fillingDate": "2025-02-05",
    "acceptedDate": "2025-02-05 07:04:21",
    "calendarYear": "2024",
    "period": "FY",
    "revenue": 290403000000,
    "costOfRevenue": 44522000000,
    "grossProfit": 245881000000,
    "grossProfitRatio": 0.8466889116,
    "researchAndDevelopmentExpenses": 48062000000,
    "generalAndAdministrativeExpenses": 5276000000,
    "sellingAndMarketingExpenses": 62101000000,
    "sellingGeneralAndAdministrativeExpenses": 67377000000,
    "otherExpenses": 2103000000,
    "operatingExpenses": 117542000000,
    "costAndExpenses": 162064000000,
    "interestIncome": 1838000000,
    "interestExpense": 1640000000,
    "depreciationAndAmortization": 8545000000,
    "ebitda": 137376000000,
    "ebitdaratio": 0.4730529643,
    "operatingIncome": 128339000000,
    "operatingIncomeRatio": 0.4419341398,
    "totalOtherIncomeExpensesNet": -1148000000,
    "incomeBeforeTax": 127191000000,
    "incomeBeforeTaxRatio": 0.4379810126,
    "incomeTaxExpense": 26203000000,
    "netIncome": 100988000000,
    "netIncomeRatio": 0.3477512285,
    "eps": 22.68,
    "epsdiluted": 22.64,
    "weightedAverageShsOut": 4453670473,
    "weightedAverageShsOutDil": 4460500000,
    "link": "https://www.sec.gov/Archives/edgar/data/353278/000162828025003920/0001628280-25-003920-index.htm",
    "finalLink": "https://www.sec.gov/Archives/edgar/data/353278/000162828025003920/nvo-20241231.htm"
  },
  {
    "date": "2023-12-31",
    "symbol": "NVO",
    "reportedCurrency": "DKK",
    "cik": "0000000000",
    "fillingDate": "2023-12-31",
    "acceptedDate": "2023-12-30 19:00:00",
    "calendarYear": "2023",
    "period": "FY",
    "revenue": 232261000000,
    "costOfRevenue": 35765000000,
    "grossProfit": 196496000000,
    "grossProfitRatio": 0.8460137518,
    "researchAndDevelopmentExpenses": 32443000000,
    "generalAndAdministrativeExpenses": 4855000000,
    "sellingAndMarketingExpenses": 56743000000,
    "sellingGeneralAndAdministrativeExpenses": 61598000000,
    "otherExpenses": -119000000,
    "operatingExpenses": 93922000000,
    "costAndExpenses": 129687000000,
    "interestIncome": 1069000000,
    "interestExpense": 739000000,
    "depreciationAndAmortization": 9413000000,
    "ebitda": 113331000000,
    "ebitdaratio": 0.4879467496,
    "operatingIncome": 102574000000,
    "operatingIncomeRatio": 0.4416324738,
    "totalOtherIncomeExpensesNet": 2100000000,
    "incomeBeforeTax": 104674000000,
    "incomeBeforeTaxRatio": 0.4506740262,
    "incomeTaxExpense": 20991000000,
    "netIncome": 83683000000,
    "netIncomeRatio": 0.3602972518,
    "eps": 9.335,
    "epsdiluted": 9.31,
    "weightedAverageShsOut": 4482800000,
    "weightedAverageShsOutDil": 4494800000,
    "link": "",
    "finalLink": ""
  },
  {
    "date": "2022-12-31",
    "symbol": "NVO",
    "reportedCurrency": "DKK",
    "cik": "0000000000",
    "fillingDate": "2022-12-31",
    "acceptedDate": "2022-12-30 19:00:00",
    "calendarYear": "2022",
    "period": "FY",
    "revenue": 176954000000,
    "costOfRevenue": 28448000000,
    "grossProfit": 148506000000,
    "grossProfitRatio": 0.8392350554,
    "researchAndDevelopmentExpenses": 24047000000,
    "generalAndAdministrativeExpenses": 4467000000,
    "sellingAndMarketingExpenses": 46217000000,
    "sellingGeneralAndAdministrativeExpenses": 50684000000,
    "otherExpenses": -1034000000,
    "operatingExpenses": 73697000000,
    "costAndExpenses": 102145000000,
    "interestIncome": 239000000,
    "interestExpense": 378000000,
    "depreciationAndAmortization": 6602000000,
    "ebitda": 76412000000,
    "ebitdaratio": 0.4318184387,
    "operatingIncome": 74809000000,
    "operatingIncomeRatio": 0.4227595872,
    "totalOtherIncomeExpensesNet": -5747000000,
    "incomeBeforeTax": 69062000000,
    "incomeBeforeTaxRatio": 0.3902822202,
    "incomeTaxExpense": 13537000000,
    "netIncome": 55525000000,
    "netIncomeRatio": 0.3137821129,
    "eps": 12.255,
    "epsdiluted": 12.22,
    "weightedAverageShsOut": 4530600000,
    "weightedAverageShsOutDil": 4544600000,
    "link": "",
    "finalLink": ""
  },
  {
    "date": "2021-12-31",
    "symbol": "NVO",
    "reportedCurrency": "DKK",
    "cik": "0000000000",
    "fillingDate": "2021-12-31",
    "acceptedDate": "2021-12-30 19:00:00",
    "calendarYear": "2021",
    "period": "FY",
    "revenue": 140800000000,
    "costOfRevenue": 23658000000,
    "grossProfit": 117142000000,
    "grossProfitRatio": 0.8319744318,
    "researchAndDevelopmentExpenses": 17772000000,
    "generalAndAdministrativeExpenses": 4050000000,
    "sellingAndMarketingExpenses": 37008000000,
    "sellingGeneralAndAdministrativeExpenses": 41058000000,
    "otherExpenses": -332000000,
    "operatingExpenses": 58498000000,
    "costAndExpenses": 82156000000,
    "interestIncome": 2887000000,
    "interestExpense": 2451000000,
    "depreciationAndAmortization": 5311000000,
    "ebitda": 64826000000,
    "ebitdaratio": 0.4604119318,
    "operatingIncome": 58644000000,
    "operatingIncomeRatio": 0.4165056818,
    "totalOtherIncomeExpensesNet": 436000000,
    "incomeBeforeTax": 59080000000,
    "incomeBeforeTaxRatio": 0.4196022727,
    "incomeTaxExpense": 11323000000,
    "netIncome": 47757000000,
    "netIncomeRatio": 0.3391832386,
    "eps": 10.395,
    "epsdiluted": 10.37,
    "weightedAverageShsOut": 4593200000,
    "weightedAverageShsOutDil": 4606200000,
    "link": "",
    "finalLink": ""
  },
  {
    "date": "2020-12-31",
    "symbol": "NVO",
    "reportedCurrency": "DKK",
    "cik": "0000000000",
    "fillingDate": "2020-12-31",
    "acceptedDate": "2020-12-30 19:00:00",
    "calendarYear": "2020",
    "period": "FY",
    "revenue": 126946000000,
    "costOfRevenue": 20932000000,
    "grossProfit": 106014000000,
    "grossProfitRatio": 0.8351109921,
    "researchAndDevelopmentExpenses": 15462000000,
    "generalAndAdministrativeExpenses": 3958000000,
    "sellingAndMarketingExpenses": 32928000000,
    "sellingGeneralAndAdministrativeExpenses": 36886000000,
    "otherExpenses": -460000000,
    "operatingExpenses": 51888000000,
    "costAndExpenses": 72820000000,
    "interestIncome": 337000000,
    "interestExpense": 390000000,
    "depreciationAndAmortization": 5276000000,
    "ebitda": 58565000000,
    "ebitdaratio": 0.4613378917,
    "operatingIncome": 54126000000,
    "operatingIncomeRatio": 0.4263702677,
    "totalOtherIncomeExpensesNet": -996000000,
    "incomeBeforeTax": 53130000000,
    "incomeBeforeTaxRatio": 0.418524412,
    "incomeTaxExpense": 10992000000,
    "netIncome": 42138000000,
    "netIncomeRatio": 0.3319364139,
    "eps": 9.025,
    "epsdiluted": 9.005,
    "weightedAverageShsOut": 4667800000,
    "weightedAverageShsOutDil": 4680000000,
    "link": "",
    "finalLink": ""
  },
  {
    "date": "2019-12-31",
    "symbol": "NVO",
    "reportedCurrency": "DKK",
    "cik": "0000000000",
    "fillingDate": "2019-12-31",
    "acceptedDate": "2019-12-30 19:00:00",
    "calendarYear": "2019",
    "period": "FY",
    "revenue": 122021000000,
    "costOfRevenue": 20088000000,
    "grossProfit": 101933000000,
    "grossProfitRatio": 0.8353725998,
    "researchAndDevelopmentExpenses": 14220000000,
    "generalAndAdministrativeExpenses": 4007000000,
    "sellingAndMarketingExpenses": 31823000000,
    "sellingGeneralAndAdministrativeExpenses": 35830000000,
    "otherExpenses": -600000000,
    "operatingExpenses": 49450000000,
    "costAndExpenses": 69538000000,
    "interestIncome": 65000000,
    "interestExpense": 220000000,
    "depreciationAndAmortization": 4679000000,
    "ebitda": 56310000000,
    "ebitdaratio": 0.4614779423,
    "operatingIncome": 52483000000,
    "operatingIncomeRatio": 0.4301144885,
    "totalOtherIncomeExpensesNet": -3930000000,
    "incomeBeforeTax": 48553000000,
    "incomeBeforeTaxRatio": 0.3979069177,
    "incomeTaxExpense": 9602000000,
    "netIncome": 38951000000,
    "netIncomeRatio": 0.3192155449,
    "eps": 4.095,
    "epsdiluted": 4.095,
    "weightedAverageShsOut": 4748598000,
    "weightedAverageShsOutDil": 4757400000,
    "link": "",
    "finalLink": ""
  },
  {
    "date": "2018-12-31",
    "symbol": "NVO",
    "reportedCurrency": "DKK",
    "cik": "0000000000",
    "fillingDate": "2018-12-31",
    "acceptedDate": "2018-12-30 19:00:00",
    "calendarYear": "2018",
    "period": "FY",
    "revenue": 111831000000,
    "costOfRevenue": 17617000000,
    "grossProfit": 94214000000,
    "grossProfitRatio": 0.8424676521,
    "researchAndDevelopmentExpenses": 14805000000,
    "generalAndAdministrativeExpenses": 3916000000,
    "sellingAndMarketingExpenses": 29397000000,
    "sellingGeneralAndAdministrativeExpenses": 33313000000,
    "otherExpenses": -1152000000,
    "operatingExpenses": 46966000000,
    "costAndExpenses": 64583000000,
    "interestIncome": 51000000,
    "interestExpense": 85000000,
    "depreciationAndAmortization": 3809000000,
    "ebitda": 51569000000,
    "ebitdaratio": 0.4611333172,
    "operatingIncome": 47248000000,
    "operatingIncomeRatio": 0.4224946571,
    "totalOtherIncomeExpensesNet": 367000000,
    "incomeBeforeTax": 47615000000,
    "incomeBeforeTaxRatio": 0.4257763947,
    "incomeTaxExpense": 8987000000,
    "netIncome": 38628000000,
    "netIncomeRatio": 0.3454140623,
    "eps": 3.99,
    "epsdiluted": 3.985,
    "weightedAverageShsOut": 4839206000,
    "weightedAverageShsOutDil": 4848800000,
    "link": "",
    "finalLink": ""
  },
  {
    "date": "2017-12-31",
    "symbol": "NVO",
    "reportedCurrency": "DKK",
    "cik": "0000000000",
    "fillingDate": "2017-12-31",
    "acceptedDate": "2017-12-30 19:00:00",
    "calendarYear": "2017",
    "period": "FY",
    "revenue": 111696000000,
    "costOfRevenue": 17632000000,
    "grossProfit": 94064000000,
    "grossProfitRatio": 0.8421429595,
    "researchAndDevelopmentExpenses": 14014000000,
    "generalAndAdministrativeExpenses": 3784000000,
    "sellingAndMarketingExpenses": 28340000000,
    "sellingGeneralAndAdministrativeExpenses": 32124000000,
    "otherExpenses": -1041000000,
    "operatingExpenses": 45097000000,
    "costAndExpenses": 62729000000,
    "interestIncome": 69000000,
    "interestExpense": 90000000,
    "depreciationAndAmortization": 2870000000,
    "ebitda": 51694000000,
    "ebitdaratio": 0.4628097694,
    "operatingIncome": 48967000000,
    "operatingIncomeRatio": 0.4383952872,
    "totalOtherIncomeExpensesNet": -287000000,
    "incomeBeforeTax": 48680000000,
    "incomeBeforeTaxRatio": 0.4358258129,
    "incomeTaxExpense": 10550000000,
    "netIncome": 38130000000,
    "netIncomeRatio": 0.3413730125,
    "eps": 7.71,
    "epsdiluted": 7.695,
    "weightedAverageShsOut": 4955165692,
    "weightedAverageShsOutDil": 4956186000,
    "link": "",
    "finalLink": ""
  },
  {
    "date": "2016-12-31",
    "symbol": "NVO",
    "reportedCurrency": "DKK",
    "cik": "0000000000",
    "fillingDate": "2016-12-31",
    "acceptedDate": "2016-12-30 19:00:00",
    "calendarYear": "2016",
    "period": "FY",
    "revenue": 111780000000,
    "costOfRevenue": 17183000000,
    "grossProfit": 94597000000,
    "grossProfitRatio": 0.846278404,
    "researchAndDevelopmentExpenses": 14563000000,
    "generalAndAdministrativeExpenses": 3962000000,
    "sellingAndMarketingExpenses": 28377000000,
    "sellingGeneralAndAdministrativeExpenses": 32339000000,
    "otherExpenses": -737000000,
    "operatingExpenses": 46165000000,
    "costAndExpenses": 63348000000,
    "interestIncome": 52000000,
    "interestExpense": 65000000,
    "depreciationAndAmortization": 2651000000,
    "ebitda": 50575000000,
    "ebitdaratio": 0.4524512435,
    "operatingIncome": 48432000000,
    "operatingIncomeRatio": 0.4332796565,
    "totalOtherIncomeExpensesNet": -634000000,
    "incomeBeforeTax": 47798000000,
    "incomeBeforeTaxRatio": 0.427607801,
    "incomeTaxExpense": 9873000000,
    "netIncome": 37925000000,
    "netIncomeRatio": 0.3392825192,
    "eps": 7.495,
    "epsdiluted": 7.48,
    "weightedAverageShsOut": 5069458000,
    "weightedAverageShsOutDil": 5070187165,
    "link": "",
    "finalLink": ""
  },
  {
    "date": "2015-12-31",
    "symbol": "NVO",
    "reportedCurrency": "DKK",
    "cik": "0000000000",
    "fillingDate": "2015-12-31",
    "acceptedDate": "2015-12-30 19:00:00",
    "calendarYear": "2015",
    "period": "FY",
    "revenue": 107927000000,
    "costOfRevenue": 16188000000,
    "grossProfit": 91739000000,
    "grossProfitRatio": 0.8500097288,
    "researchAndDevelopmentExpenses": 13608000000,
    "generalAndAdministrativeExpenses": 3857000000,
    "sellingAndMarketingExpenses": 28312000000,
    "sellingGeneralAndAdministrativeExpenses": 32169000000,
    "otherExpenses": -3482000000,
    "operatingExpenses": 42295000000,
    "costAndExpenses": 58483000000,
    "interestIncome": 85000000,
    "interestExpense": 6046000000,
    "depreciationAndAmortization": 3044000000,
    "ebitda": 49578000000,
    "ebitdaratio": 0.459366053,
    "operatingIncome": 49444000000,
    "operatingIncomeRatio": 0.458124473,
    "totalOtherIncomeExpensesNet": -5961000000,
    "incomeBeforeTax": 43483000000,
    "incomeBeforeTaxRatio": 0.402892696,
    "incomeTaxExpense": 8623000000,
    "netIncome": 34860000000,
    "netIncomeRatio": 0.3229960992,
    "eps": 6.78,
    "epsdiluted": 6.76,
    "weightedAverageShsOut": 5155396000,
    "weightedAverageShsOutDil": 5156804733,
    "link": "",
    "finalLink": ""
  }
]