[
  {
    "date": "2024-12-31",
    "symbol": "NVO",
    "reportedCurrency": "DKK",
    "cik": "0000000000",
    "fillingDate": "2025-02-05",
    "acceptedDate": "2025-02-05 07:04:21",
    "calendarYear": "2024",
    "period": "Q4",
    "revenue": 85683000000,
    "costOfRevenue": 13024000000,
    "grossProfit": 72659000000,
    "grossProfitRatio": 0.8479978525,
    "researchAndDevelopmentExpenses": 13802000000,
    "generalAndAdministrativeExpenses": 1580000000,
    "sellingAndMarketingExpenses": 18701000000,
    "sellingGeneralAndAdministrativeExpenses": 20281000000,
    "otherExpenses": 1839000000,
    "operatingExpenses": 35922000000,
    "costAndExpenses": 48946000000,
    "interestIncome": 0,
    "interestExpense": 0,
    "depreciationAndAmortization": 5198000000,
    "ebitda": 40142000000,
    "ebitdaratio": 0.4684943338,
    "operatingIncome": 36737000000,
    "operatingIncomeRatio": 0.4287548288,
    "totalOtherIncomeExpensesNet": -1180000000,
    "incomeBeforeTax": 35557000000,
    "incomeBeforeTaxRatio": 0.4149831355,
    "incomeTaxExpense": 7327000000,
    "netIncome": 28230000000,
    "netIncomeRatio": 0.3294702566,
    "eps": 6.34,
    "epsdiluted": 6.33,
    "weightedAverageShsOut": 4453670473,
    "weightedAverageShsOutDil": 4460500000,
    "link": "https://www.sec.gov/Archives/edgar/data/353278/000162828025003920/0001628280-25-003920-index.htm",
    "finalLink": "https://www.sec.gov/Archives/edgar/data/353278/000162828025003920/nvo-20241231.htm"
  },
  {
    "date": "2024-09-30",
    "symbol": "NVO",
    "reportedCurrency": "DKK",
    "cik": "0000000000",
    "fillingDate": "2024-09-30",
    "acceptedDate": "2024-09-28 20:00:00",
    "calendarYear": "2024",
    "period": "Q3",
    "revenue": 71311000000,
    "costOfRevenue": 11308000000,
    "grossProfit": 60003000000,
    "grossProfitRatio": 0.8414269888,
    "researchAndDevelopmentExpenses": 9488000000,
    "generalAndAdministrativeExpenses": 1382000000,
    "sellingAndMarketingExpenses": 15210000000,
    "sellingGeneralAndAdministrativeExpenses": 16592000000,
    "otherExpenses": 0,
    "operatingExpenses": 26080000000,
    "costAndExpenses": 37388000000,
    "interestIncome": 1383000000,
    "interestExpense": 821000000,
    "depreciationAndAmortization": 2150000000,
    "ebitda": 37355000000,
    "ebitdaratio": 0.5238322278,
    "operatingIncome": 33923000000,
    "operatingIncomeRatio": 0.4757050104,
    "totalOtherIncomeExpensesNet": 461000000,
    "incomeBeforeTax": 34384000000,
    "incomeBeforeTaxRatio": 0.4821696512,
    "incomeTaxExpense": 7083000000,
    "netIncome": 27301000000,
    "netIncomeRatio": 0.3828441615,
    "eps": 6.13,
    "epsdiluted": 6.12,
    "weightedAverageShsOut": 4453670473,
    "weightedAverageShsOutDil": 4460500000,
    "link": "",
    "finalLink": ""
  },
  {
    "date": "2024-06-30",
    "symbol": "NVO",
    "reportedCurrency": "DKK",
    "cik": "0000000000",
    "fillingDate": "2024-06-30",
    "acceptedDate": "2024-06-29 20:00:00",
    "calendarYear": "2024",
    "period": "Q2",
    "revenue": 68060000000,
    "costOfRevenue": 10274000000,
    "grossProfit": 57786000000,
    "grossProfitRatio": 0.8490449603,
    "researchAndDevelopmentExpenses": 16166000000,
    "generalAndAdministrativeExpenses": 1157000000,
    "sellingAndMarketingExpenses": 14934000000,
    "sellingGeneralAndAdministrativeExpenses": 16091000000,
    "otherExpenses": -405000000,
    "operatingExpenses": 32257000000,
    "costAndExpenses": 42531000000,
    "interestIncome": 960000000,
    "interestExpense": 1562000000,
    "depreciationAndAmortization": 8845000000,
    "ebitda": 35739000000,
    "ebitdaratio": 0.5251101969,
    "operatingIncome": 25529000000,
    "operatingIncomeRatio": 0.375095504,
    "totalOtherIncomeExpensesNet": -602000000,
    "incomeBeforeTax": 25332000000,
    "incomeBeforeTaxRatio": 0.3722009991,
    "incomeTaxExpense": 5282000000,
    "netIncome": 20050000000,
    "netIncomeRatio": 0.2945930062,
    "eps": 4.5,
    "epsdiluted": 4.49,
    "weightedAverageShsOut": 4457700000,
    "weightedAverageShsOutDil": 4465400000,
    "link": "",
    "finalLink": ""
  },
  {
    "date": "2024-03-31",
    "symbol": "NVO",
    "reportedCurrency": "DKK",
    "cik": "0000000000",
    "fillingDate": "2024-03-31",
    "acceptedDate": "2024-03-30 20:00:00",
    "calendarYear": "2024",
    "period": "Q1",
    "revenue": 65349000000,
    "costOfRevenue": 9916000000,
    "grossProfit": 55433000000,
    "grossProfitRatio": 0.8482608762,
    "researchAndDevelopmentExpenses": 8606000000,
    "generalAndAdministrativeExpenses": 1157000000,
    "sellingAndMarketingExpenses": 13256000000,
    "sellingGeneralAndAdministrativeExpenses": 14413000000,
    "otherExpenses": 0,
    "operatingExpenses": 23019000000,
    "costAndExpenses": 32935000000,
    "interestIncome": 2146000000,
    "interestExpense": 2074000000,
    "depreciationAndAmortization": 2914000000,
    "ebitda": 35328000000,
    "ebitdaratio": 0.540605059,
    "operatingIncome": 32414000000,
    "operatingIncomeRatio": 0.496013711,
    "totalOtherIncomeExpensesNet": -496000000,
    "incomeBeforeTax": 31918000000,
    "incomeBeforeTaxRatio": 0.4884236943,
    "incomeTaxExpense": 6511000000,
    "netIncome": 25407000000,
    "netIncomeRatio": 0.3887894229,
    "eps": 5.7,
    "epsdiluted": 5.68,
    "weightedAverageShsOut": 4459600000,
    "weightedAverageShsOutDil": 4470500000,
    "link": "",
    "finalLink": ""
  },
  {
    "date": "2023-12-31",
    "symbol": "NVO",
    "reportedCurrency": "DKK",
    "cik": "0000000000",
    "fillingDate": "2023-12-31",
    "acceptedDate": "2023-12-30 19:00:00",
    "calendarYear": "2023",
    "period": "Q4",
    "revenue": 65863000000,
    "costOfRevenue": 10014000000,
    "grossProfit": 55849000000,
    "grossProfitRatio": 0.8479571231,
    "researchAndDevelopmentExpenses": 10460000000,
    "generalAndAdministrativeExpenses": 1456000000,
    "sellingAndMarketingExpenses": 17170000000,
    "sellingGeneralAndAdministrativeExpenses": 18626000000,
    "otherExpenses": 0,
    "operatingExpenses": 29083000000,
    "costAndExpenses": 39097000000,
    "interestIncome": 0,
    "interestExpense": 0,
    "depreciationAndAmortization": 2992000000,
    "ebitda": 30612000000,
    "ebitdaratio": 0.4647829586,
    "operatingIncome": 26766000000,
    "operatingIncomeRatio": 0.4063890196,
    "totalOtherIncomeExpensesNet": 854000000,
    "incomeBeforeTax": 27620000000,
    "incomeBeforeTaxRatio": 0.4193553285,
    "incomeTaxExpense": 5657000000,
    "netIncome": 21963000000,
    "netIncomeRatio": 0.3334649196,
    "eps": 4.92,
    "epsdiluted": 4.91,
    "weightedAverageShsOut": 4464700000,
    "weightedAverageShsOutDil": 4477400000,
    "link": "",
    "finalLink": ""
  },
  {
    "date": "2023-09-30",
    "symbol": "NVO",
    "reportedCurrency": "DKK",
    "cik": "0000000000",
    "fillingDate": "2023-09-30",
    "acceptedDate": "2023-09-29 20:00:00",
    "calendarYear": "2023",
    "period": "Q3",
    "revenue": 58731000000,
    "costOfRevenue": 9713000000,
    "grossProfit": 49018000000,
    "grossProfitRatio": 0.8346188555,
    "researchAndDevelopmentExpenses": 8128000000,
    "generalAndAdministrativeExpenses": 1256000000,
    "sellingAndMarketingExpenses": 12819000000,
    "sellingGeneralAndAdministrativeExpenses": 14075000000,
    "otherExpenses": 0,
    "operatingExpenses": 22105000000,
    "costAndExpenses": 31818000000,
    "interestIncome": 3318000000,
    "interestExpense": 2168000000,
    "depreciationAndAmortization": 2525000000,
    "ebitda": 32756000000,
    "ebitdaratio": 0.5577293082,
    "operatingIncome": 26913000000,
    "operatingIncomeRatio": 0.4582418144,
    "totalOtherIncomeExpensesNet": 1150000000,
    "incomeBeforeTax": 28063000000,
    "incomeBeforeTaxRatio": 0.477822615,
    "incomeTaxExpense": 5585000000,
    "netIncome": 22478000000,
    "netIncomeRatio": 0.3827280312,
    "eps": 5.02,
    "epsdiluted": 5,
    "weightedAverageShsOut": 4476900000,
    "weightedAverageShsOutDil": 4489000000,
    "link": "",
    "finalLink": ""
  },
  {
    "date": "2023-06-30",
    "symbol": "NVO",
    "reportedCurrency": "DKK",
    "cik": "0000000000",
    "fillingDate": "2023-06-30",
    "acceptedDate": "2023-06-29 20:00:00",
    "calendarYear": "2023",
    "period": "Q2",
    "revenue": 54300000000,
    "costOfRevenue": 7856000000,
    "grossProfit": 46444000000,
    "grossProfitRatio": 0.8553222836,
    "researchAndDevelopmentExpenses": 7127000000,
    "generalAndAdministrativeExpenses": 1072000000,
    "sellingAndMarketingExpenses": 14342000000,
    "sellingGeneralAndAdministrativeExpenses": 15414000000,
    "otherExpenses": 0,
    "operatingExpenses": 22556000000,
    "costAndExpenses": 30412000000,
    "interestIncome": 647000000,
    "interestExpense": 281000000,
    "depreciationAndAmortization": 2177000000,
    "ebitda": 26065000000,
    "ebitdaratio": 0.4800184162,
    "operatingIncome": 23888000000,
    "operatingIncomeRatio": 0.4399263352,
    "totalOtherIncomeExpensesNet": 366000000,
    "incomeBeforeTax": 24254000000,
    "incomeBeforeTaxRatio": 0.4466666667,
    "incomeTaxExpense": 4826000000,
    "netIncome": 19428000000,
    "netIncomeRatio": 0.3577900552,
    "eps": 8.65,
    "epsdiluted": 8.63,
    "weightedAverageShsOut": 4490400000,
    "weightedAverageShsOutDil": 4502600000,
    "link": "",
    "finalLink": ""
  },
  {
    "date": "2023-03-31",
    "symbol": "NVO",
    "reportedCurrency": "DKK",
    "cik": "0000000000",
    "fillingDate": "2023-03-31",
    "acceptedDate": "2023-03-30 20:00:00",
    "calendarYear": "2023",
    "period": "Q1",
    "revenue": 53367000000,
    "costOfRevenue": 8182000000,
    "grossProfit": 45185000000,
    "grossProfitRatio": 0.8466842805,
    "researchAndDevelopmentExpenses": 6728000000,
    "generalAndAdministrativeExpenses": 1071000000,
    "sellingAndMarketingExpenses": 12412000000,
    "sellingGeneralAndAdministrativeExpenses": 13483000000,
    "otherExpenses": -33000000,
    "operatingExpenses": 20178000000,
    "costAndExpenses": 28360000000,
    "interestIncome": 852000000,
    "interestExpense": 1122000000,
    "depreciationAndAmortization": 1719000000,
    "ebitda": 27578000000,
    "ebitdaratio": 0.5167612944,
    "operatingIncome": 25007000000,
    "operatingIncomeRatio": 0.4685854554,
    "totalOtherIncomeExpensesNet": -270000000,
    "incomeBeforeTax": 24737000000,
    "incomeBeforeTaxRatio": 0.4635261491,
    "incomeTaxExpense": 4923000000,
    "netIncome": 19814000000,
    "netIncomeRatio": 0.3712781307,
    "eps": 8.81,
    "epsdiluted": 8.78,
    "weightedAverageShsOut": 4499200000,
    "weightedAverageShsOutDil": 4513200000,
    "link": "",
    "finalLink": ""
  },
  {
    "date": "2022-12-31",
    "symbol": "NVO",
    "reportedCurrency": "DKK",
    "cik": "0000000000",
    "fillingDate": "2022-12-31",
    "acceptedDate": "2022-12-30 19:00:00",
    "calendarYear": "2022",
    "period": "Q4",
    "revenue": 48092000000,
    "costOfRevenue": 8262000000,
    "grossProfit": 39830000000,
    "grossProfitRatio": 0.8282042751,
    "researchAndDevelopmentExpenses": 8085000000,
    "generalAndAdministrativeExpenses": 1348000000,
    "sellingAndMarketingExpenses": 13743000000,
    "sellingGeneralAndAdministrativeExpenses": 15091000000,
    "otherExpenses": -433000000,
    "operatingExpenses": 22743000000,
    "costAndExpenses": 31005000000,
    "interestIncome": 0,
    "interestExpense": 0,
    "depreciationAndAmortization": 2035000000,
    "ebitda": 19122000000,
    "ebitdaratio": 0.3976129086,
    "operatingIncome": 8279000000,
    "operatingIncomeRatio": 0.172149214,
    "totalOtherIncomeExpensesNet": 8037000000,
    "incomeBeforeTax": 16316000000,
    "incomeBeforeTaxRatio": 0.3392664061,
    "incomeTaxExpense": 2724000000,
    "netIncome": 13592000000,
    "netIncomeRatio": 0.2826249688,
    "eps": 6.01,
    "epsdiluted": 5.99,
    "weightedAverageShsOut": 4508000000,
    "weightedAverageShsOutDil": 4522800000,
    "link": "",
    "finalLink": ""
  },
  {
    "date": "2022-09-30",
    "symbol": "NVO",
    "reportedCurrency": "DKK",
    "cik": "0000000000",
    "fillingDate": "2022-09-30",
    "acceptedDate": "2022-09-29 20:00:00",
    "calendarYear": "2022",
    "period": "Q3",
    "revenue": 45566000000,
    "costOfRevenue": 7200000000,
    "grossProfit": 38366000000,
    "grossProfitRatio": 0.8419874468,
    "researchAndDevelopmentExpenses": 5633000000,
    "generalAndAdministrativeExpenses": 1158000000,
    "sellingAndMarketingExpenses": 11451000000,
    "sellingGeneralAndAdministrativeExpenses": 12609000000,
    "otherExpenses": -60000000,
    "operatingExpenses": 18182000000,
    "costAndExpenses": 25382000000,
    "interestIncome": 1573000000,
    "interestExpense": 3725000000,
    "depreciationAndAmortization": 2041000000,
    "ebitda": 23798000000,
    "ebitdaratio": 0.5222753808,
    "operatingIncome": 20184000000,
    "operatingIncomeRatio": 0.4429618575,
    "totalOtherIncomeExpensesNet": -2152000000,
    "incomeBeforeTax": 18032000000,
    "incomeBeforeTaxRatio": 0.3957336611,
    "incomeTaxExpense": 3627000000,
    "netIncome": 14405000000,
    "netIncomeRatio": 0.3161348374,
    "eps": 3.17,
    "epsdiluted": 3.18,
    "weightedAverageShsOut": 4523200000,
    "weightedAverageShsOutDil": 4537000000,
    "link": "",
    "finalLink": ""
  },
  {
    "date": "2022-06-30",
    "symbol": "NVO",
    "reportedCurrency": "DKK",
    "cik": "0000000000",
    "fillingDate": "2022-06-30",
    "acceptedDate": "2022-06-29 20:00:00",
    "calendarYear": "2022",
    "period": "Q2",
    "revenue": 41265000000,
    "costOfRevenue": 6069000000,
    "grossProfit": 35196000000,
    "grossProfitRatio": 0.8529262087,
    "researchAndDevelopmentExpenses": 5123000000,
    "generalAndAdministrativeExpenses": 991000000,
    "sellingAndMarketingExpenses": 10840000000,
    "sellingGeneralAndAdministrativeExpenses": 11831000000,
    "otherExpenses": -149000000,
    "operatingExpenses": 16805000000,
    "costAndExpenses": 22874000000,
    "interestIncome": 1656000000,
    "interestExpense": 3252000000,
    "depreciationAndAmortization": 1636000000,
    "ebitda": 21683000000,
    "ebitdaratio": 0.5254574094,
    "operatingIncome": 18391000000,
    "operatingIncomeRatio": 0.4456803587,
    "totalOtherIncomeExpensesNet": -1596000000,
    "incomeBeforeTax": 16795000000,
    "incomeBeforeTaxRatio": 0.4070035139,
    "incomeTaxExpense": 3477000000,
    "netIncome": 13318000000,
    "netIncomeRatio": 0.3227432449,
    "eps": 2.93,
    "epsdiluted": 2.93,
    "weightedAverageShsOut": 4538400000,
    "weightedAverageShsOutDil": 4552200000,
    "link": "",
    "finalLink": ""
  },
  {
    "date": "2022-03-31",
    "symbol": "NVO",
    "reportedCurrency": "DKK",
    "cik": "0000000000",
    "fillingDate": "2022-03-31",
    "acceptedDate": "2022-03-30 20:00:00",
    "calendarYear": "2022",
    "period": "Q1",
    "revenue": 42031000000,
    "costOfRevenue": 6917000000,
    "grossProfit": 35114000000,
    "grossProfitRatio": 0.8354309914,
    "researchAndDevelopmentExpenses": 5206000000,
    "generalAndAdministrativeExpenses": 970000000,
    "sellingAndMarketingExpenses": 10183000000,
    "sellingGeneralAndAdministrativeExpenses": 11153000000,
    "otherExpenses": -392000000,
    "operatingExpenses": 15967000000,
    "costAndExpenses": 22884000000,
    "interestIncome": 210000000,
    "interestExpense": 1438000000,
    "depreciationAndAmortization": 1650000000,
    "ebitda": 21007000000,
    "ebitdaratio": 0.4997977683,
    "operatingIncome": 19147000000,
    "operatingIncomeRatio": 0.455544717,
    "totalOtherIncomeExpensesNet": -1228000000,
    "incomeBeforeTax": 17919000000,
    "incomeBeforeTaxRatio": 0.4263281863,
    "incomeTaxExpense": 3709000000,
    "netIncome": 14210000000,
    "netIncomeRatio": 0.3380837953,
    "eps": 3.11,
    "epsdiluted": 3.11,
    "weightedAverageShsOut": 4552800000,
    "weightedAverageShsOutDil": 4566600000,
    "link": "",
    "finalLink": ""
  },
  {
    "date": "2021-12-31",
    "symbol": "NVO",
    "reportedCurrency": "DKK",
    "cik": "0000000000",
    "fillingDate": "2021-12-31",
    "acceptedDate": "2021-12-30 19:00:00",
    "calendarYear": "2021",
    "period": "Q4",
    "revenue": 38333000000,
    "costOfRevenue": 6241000000,
    "grossProfit": 32092000000,
    "grossProfitRatio": 0.8371898886,
    "researchAndDevelopmentExpenses": 5632000000,
    "generalAndAdministrativeExpenses": 1190000000,
    "sellingAndMarketingExpenses": 11632000000,
    "sellingGeneralAndAdministrativeExpenses": 12822000000,
    "otherExpenses": 4000000,
    "operatingExpenses": 18458000000,
    "costAndExpenses": 24699000000,
    "interestIncome": 0,
    "interestExpense": 0,
    "depreciationAndAmortization": 2082000000,
    "ebitda": 15970000000,
    "ebitdaratio": 0.4166123184,
    "operatingIncome": 13634000000,
    "operatingIncomeRatio": 0.355672658,
    "totalOtherIncomeExpensesNet": -521000000,
    "incomeBeforeTax": 13113000000,
    "incomeBeforeTaxRatio": 0.3420812355,
    "incomeTaxExpense": 2221000000,
    "netIncome": 10892000000,
    "netIncomeRatio": 0.2841416012,
    "eps": 4.75,
    "epsdiluted": 4.75,
    "weightedAverageShsOut": 4577295655,
    "weightedAverageShsOutDil": 4581200000,
    "link": "",
    "finalLink": ""
  },
  {
    "date": "2021-09-30",
    "symbol": "NVO",
    "reportedCurrency": "DKK",
    "cik": "0000000000",
    "fillingDate": "2021-09-30",
    "acceptedDate": "2021-09-29 20:00:00",
    "calendarYear": "2021",
    "period": "Q3",
    "revenue": 35622000000,
    "costOfRevenue": 6059000000,
    "grossProfit": 29563000000,
    "grossProfitRatio": 0.8299084835,
    "researchAndDevelopmentExpenses": 4252000000,
    "generalAndAdministrativeExpenses": 1024000000,
    "sellingAndMarketingExpenses": 9119000000,
    "sellingGeneralAndAdministrativeExpenses": 10143000000,
    "otherExpenses": -81000000,
    "operatingExpenses": 14314000000,
    "costAndExpenses": 20373000000,
    "interestIncome": 790000000,
    "interestExpense": 927000000,
    "depreciationAndAmortization": 1349000000,
    "ebitda": 17388000000,
    "ebitdaratio": 0.4881253158,
    "operatingIncome": 15249000000,
    "operatingIncomeRatio": 0.4280781539,
    "totalOtherIncomeExpensesNet": -137000000,
    "incomeBeforeTax": 15112000000,
    "incomeBeforeTaxRatio": 0.424232216,
    "incomeTaxExpense": 2993000000,
    "netIncome": 12119000000,
    "netIncomeRatio": 0.3402111055,
    "eps": 5.29,
    "epsdiluted": 5.27,
    "weightedAverageShsOut": 4594600000,
    "weightedAverageShsOutDil": 4599240986,
    "link": "",
    "finalLink": ""
  },
  {
    "date": "2021-06-30",
    "symbol": "NVO",
    "reportedCurrency": "DKK",
    "cik": "0000000000",
    "fillingDate": "2021-06-30",
    "acceptedDate": "2021-06-29 20:00:00",
    "calendarYear": "2021",
    "period": "Q2",
    "revenue": 33041000000,
    "costOfRevenue": 5547000000,
    "grossProfit": 27494000000,
    "grossProfitRatio": 0.832117672,
    "researchAndDevelopmentExpenses": 3944000000,
    "generalAndAdministrativeExpenses": 904000000,
    "sellingAndMarketingExpenses": 8001000000,
    "sellingGeneralAndAdministrativeExpenses": 8905000000,
    "otherExpenses": -134000000,
    "operatingExpenses": 12715000000,
    "costAndExpenses": 18262000000,
    "interestIncome": 138000000,
    "interestExpense": 0,
    "depreciationAndAmortization": 1217000000,
    "ebitda": 15996000000,
    "ebitdaratio": 0.4841257831,
    "operatingIncome": 14779000000,
    "operatingIncomeRatio": 0.4472927575,
    "totalOtherIncomeExpensesNet": 138000000,
    "incomeBeforeTax": 14917000000,
    "incomeBeforeTaxRatio": 0.4514693865,
    "incomeTaxExpense": 2794000000,
    "netIncome": 12123000000,
    "netIncomeRatio": 0.3669077812,
    "eps": 5.26,
    "epsdiluted": 5.26,
    "weightedAverageShsOut": 4609505703,
    "weightedAverageShsOutDil": 4612600000,
    "link": "",
    "finalLink": ""
  },
  {
    "date": "2021-03-31",
    "symbol": "NVO",
    "reportedCurrency": "DKK",
    "cik": "0000000000",
    "fillingDate": "2021-03-31",
    "acceptedDate": "2021-03-30 20:00:00",
    "calendarYear": "2021",
    "period": "Q1",
    "revenue": 33804000000,
    "costOfRevenue": 5811000000,
    "grossProfit": 27993000000,
    "grossProfitRatio": 0.8280972666,
    "researchAndDevelopmentExpenses": 3944000000,
    "generalAndAdministrativeExpenses": 932000000,
    "sellingAndMarketingExpenses": 8256000000,
    "sellingGeneralAndAdministrativeExpenses": 9188000000,
    "otherExpenses": -121000000,
    "operatingExpenses": 13011000000,
    "costAndExpenses": 18822000000,
    "interestIncome": 1753000000,
    "interestExpense": 797000000,
    "depreciationAndAmortization": 1377000000,
    "ebitda": 18112000000,
    "ebitdaratio": 0.5357945805,
    "operatingIncome": 14982000000,
    "operatingIncomeRatio": 0.4432019879,
    "totalOtherIncomeExpensesNet": 956000000,
    "incomeBeforeTax": 15938000000,
    "incomeBeforeTaxRatio": 0.4714826648,
    "incomeTaxExpense": 3315000000,
    "netIncome": 12623000000,
    "netIncomeRatio": 0.3734173471,
    "eps": 5.47,
    "epsdiluted": 5.45,
    "weightedAverageShsOut": 4631200000,
    "weightedAverageShsOutDil": 4632293577,
    "link": "",
    "finalLink": ""
  },
  {
    "date": "2020-12-31",
    "symbol": "NVO",
    "reportedCurrency": "DKK",
    "cik": "0000000000",
    "fillingDate": "2020-12-31",
    "acceptedDate": "2020-12-30 19:00:00",
    "calendarYear": "2020",
    "period": "Q4",
    "revenue": 32138000000,
    "costOfRevenue": 5619000000,
    "grossProfit": 26519000000,
    "grossProfitRatio": 0.8251602464,
    "researchAndDevelopmentExpenses": 4483000000,
    "generalAndAdministrativeExpenses": 1198000000,
    "sellingAndMarketingExpenses": 9766000000,
    "sellingGeneralAndAdministrativeExpenses": 10964000000,
    "otherExpenses": -106000000,
    "operatingExpenses": 15341000000,
    "costAndExpenses": 20960000000,
    "interestIncome": 0,
    "interestExpense": 53000000,
    "depreciationAndAmortization": 1379000000,
    "ebitda": 13909000000,
    "ebitdaratio": 0.4327898438,
    "operatingIncome": 11178000000,
    "operatingIncomeRatio": 0.3478125583,
    "totalOtherIncomeExpensesNet": 824000000,
    "incomeBeforeTax": 12002000000,
    "incomeBeforeTaxRatio": 0.3734519883,
    "incomeTaxExpense": 2684000000,
    "netIncome": 9318000000,
    "netIncomeRatio": 0.2899371461,
    "eps": 4,
    "epsdiluted": 4,
    "weightedAverageShsOut": 4650200000,
    "weightedAverageShsOutDil": 4652498133,
    "link": "",
    "finalLink": ""
  },
  {
    "date": "2020-09-30",
    "symbol": "NVO",
    "reportedCurrency": "DKK",
    "cik": "0000000000",
    "fillingDate": "2020-09-30",
    "acceptedDate": "2020-09-29 20:00:00",
    "calendarYear": "2020",
    "period": "Q3",
    "revenue": 30927000000,
    "costOfRevenue": 5155000000,
    "grossProfit": 25772000000,
    "grossProfitRatio": 0.8333171662,
    "researchAndDevelopmentExpenses": 3911000000,
    "generalAndAdministrativeExpenses": 1006000000,
    "sellingAndMarketingExpenses": 8174000000,
    "sellingGeneralAndAdministrativeExpenses": 9180000000,
    "otherExpenses": -127000000,
    "operatingExpenses": 12964000000,
    "costAndExpenses": 18119000000,
    "interestIncome": 162000000,
    "interestExpense": 279000000,
    "depreciationAndAmortization": 2130000000,
    "ebitda": 15100000000,
    "ebitdaratio": 0.488246516,
    "operatingIncome": 12808000000,
    "operatingIncomeRatio": 0.414136515,
    "totalOtherIncomeExpensesNet": -117000000,
    "incomeBeforeTax": 12691000000,
    "incomeBeforeTaxRatio": 0.4103534129,
    "incomeTaxExpense": 2393000000,
    "netIncome": 10298000000,
    "netIncomeRatio": 0.3329776571,
    "eps": 4.42,
    "epsdiluted": 4.42,
    "weightedAverageShsOut": 4659728506,
    "weightedAverageShsOutDil": 4670200000,
    "link": "",
    "finalLink": ""
  },
  {
    "date": "2020-06-30",
    "symbol": "NVO",
    "reportedCurrency": "DKK",
    "cik": "0000000000",
    "fillingDate": "2020-06-30",
    "acceptedDate": "2020-06-29 20:00:00",
    "calendarYear": "2020",
    "period": "Q2",
    "revenue": 30006000000,
    "costOfRevenue": 4772000000,
    "grossProfit": 25234000000,
    "grossProfitRatio": 0.8409651403,
    "researchAndDevelopmentExpenses": 3291000000,
    "generalAndAdministrativeExpenses": 827000000,
    "sellingAndMarketingExpenses": 7398000000,
    "sellingGeneralAndAdministrativeExpenses": 8225000000,
    "otherExpenses": -120000000,
    "operatingExpenses": 11396000000,
    "costAndExpenses": 16168000000,
    "interestIncome": 97000000,
    "interestExpense": 519000000,
    "depreciationAndAmortization": 1158000000,
    "ebitda": 15093000000,
    "ebitdaratio": 0.5029994001,
    "operatingIncome": 13838000000,
    "operatingIncomeRatio": 0.4611744318,
    "totalOtherIncomeExpensesNet": -422000000,
    "incomeBeforeTax": 13416000000,
    "incomeBeforeTaxRatio": 0.4471105779,
    "incomeTaxExpense": 2791000000,
    "netIncome": 10625000000,
    "netIncomeRatio": 0.3540958475,
    "eps": 4.54,
    "epsdiluted": 4.53,
    "weightedAverageShsOut": 4689800000,
    "weightedAverageShsOutDil": 4690949227,
    "link": "",
    "finalLink": ""
  },
  {
    "date": "2020-03-31",
    "symbol": "NVO",
    "reportedCurrency": "DKK",
    "cik": "0000000000",
    "fillingDate": "2020-03-31",
    "acceptedDate": "2020-03-30 20:00:00",
    "calendarYear": "2020",
    "period": "Q1",
    "revenue": 33875000000,
    "costOfRevenue": 5386000000,
    "grossProfit": 28489000000,
    "grossProfitRatio": 0.84100369,
    "researchAndDevelopmentExpenses": 3777000000,
    "generalAndAdministrativeExpenses": 927000000,
    "sellingAndMarketingExpenses": 7590000000,
    "sellingGeneralAndAdministrativeExpenses": 8517000000,
    "otherExpenses": -107000000,
    "operatingExpenses": 12187000000,
    "costAndExpenses": 17573000000,
    "interestIncome": 17000000,
    "interestExpense": 1298000000,
    "depreciationAndAmortization": 1086000000,
    "ebitda": 17405000000,
    "ebitdaratio": 0.513800738,
    "operatingIncome": 16302000000,
    "operatingIncomeRatio": 0.4812398524,
    "totalOtherIncomeExpensesNet": -1281000000,
    "incomeBeforeTax": 15021000000,
    "incomeBeforeTaxRatio": 0.4434243542,
    "incomeTaxExpense": 3124000000,
    "netIncome": 11897000000,
    "netIncomeRatio": 0.351202952,
    "eps": 5.07,
    "epsdiluted": 5.05,
    "weightedAverageShsOut": 4709600000,
    "weightedAverageShsOutDil": 4711683168,
    "link": "",
    "finalLink": ""
  }
]