[
  {
    "date": "2024-12-31",
    "symbol": "TMO",
    "reportedCurrency": "USD",
    "cik": "0000097745",
    "fillingDate": "2025-02-20",
    "acceptedDate": "2025-02-20 13:33:52",
    "calendarYear": "2024",
    "period": "FY",
    "revenue": 42879000000,
    "costOfRevenue": 24771000000,
    "grossProfit": 18108000000,
    "grossProfitRatio": 0.4223046246,
    "researchAndDevelopmentExpenses": 1390000000,
    "generalAndAdministrativeExpenses": 0,
    "sellingAndMarketingExpenses": 0,
    "sellingGeneralAndAdministrativeExpenses": 8595000000,
    "otherExpenses": 380000000,
    "operatingExpenses": 10724000000,
    "costAndExpenses": 35542000000,
    "interestIncome": 1078000000,
    "interestExpense": 1390000000,
    "depreciationAndAmortization": 3108000000,
    "ebitda": 11535000000,
    "ebitdaratio": 0.2690128035,
    "operatingIncome": 7337000000,
    "operatingIncomeRatio": 0.1711094009,
    "totalOtherIncomeExpensesNet": -300000000,
    "incomeBeforeTax": 7037000000,
    "incomeBeforeTaxRatio": 0.1641129691,
    "incomeTaxExpense": 657000000,
    "netIncome": 6335000000,
    "netIncomeRatio": 0.1477413186,
    "eps": 16.58,
    "epsdiluted": 16.53,
    "weightedAverageShsOut": 382000000,
    "weightedAverageShsOutDil": 383000000,
    "link": "https://www.sec.gov/Archives/edgar/data/97745/000009774525000010/0000097745-25-000010-index.htm",
    "finalLink": "https://www.sec.gov/Archives/edgar/data/97745/000009774525000010/tmo-20241231.htm"
  },
  {
    "date": "2023-12-31",
    "symbol": "TMO",
    "reportedCurrency": "USD",
    "cik": "0000097745",
    "fillingDate": "2024-02-22",
    "acceptedDate": "2024-02-22 13:06:42",
    "calendarYear": "2023",
    "period": "FY",
    "revenue": 42857000000,
    "costOfRevenue": 25744000000,
    "grossProfit": 17113000000,
    "grossProfitRatio": 0.3993046643,
    "researchAndDevelopmentExpenses": 1337000000,
    "generalAndAdministrativeExpenses": 0,
    "sellingAndMarketingExpenses": 0,
    "sellingGeneralAndAdministrativeExpenses": 8445000000,
    "otherExpenses": 472000000,
    "operatingExpenses": 10254000000,
    "costAndExpenses": 35998000000,
    "interestIncome": 879000000,
    "interestExpense": 1375000000,
    "depreciationAndAmortization": 3406000000,
    "ebitda": 11079000000,
    "ebitdaratio": 0.2585108617,
    "operatingIncome": 6859000000,
    "operatingIncomeRatio": 0.1600438668,
    "totalOtherIncomeExpensesNet": -561000000,
    "incomeBeforeTax": 6298000000,
    "incomeBeforeTaxRatio": 0.1469538232,
    "incomeTaxExpense": 284000000,
    "netIncome": 5995000000,
    "netIncomeRatio": 0.1398837996,
    "eps": 15.53,
    "epsdiluted": 15.45,
    "weightedAverageShsOut": 386000000,
    "weightedAverageShsOutDil": 388000000,
    "link": "https://www.sec.gov/Archives/edgar/data/97745/000009774524000007/0000097745-24-000007-index.htm",
    "finalLink": "https://www.sec.gov/Archives/edgar/data/97745/000009774524000007/tmo-20231231.htm"
  },
  {
    "date": "2022-12-31",
    "symbol": "TMO",
    "reportedCurrency": "USD",
    "cik": "0000097745",
    "fillingDate": "2023-02-23",
    "acceptedDate": "2023-02-23 12:54:52",
    "calendarYear": "2022",
    "period": "FY",
    "revenue": 44915000000,
    "costOfRevenue": 25415000000,
    "grossProfit": 19500000000,
    "grossProfitRatio": 0.4341534009,
    "researchAndDevelopmentExpenses": 1471000000,
    "generalAndAdministrativeExpenses": 0,
    "sellingAndMarketingExpenses": 0,
    "sellingGeneralAndAdministrativeExpenses": 7127000000,
    "otherExpenses": 2395000000,
    "operatingExpenses": 10993000000,
    "costAndExpenses": 36408000000,
    "interestIncome": 272000000,
    "interestExpense": 726000000,
    "depreciationAndAmortization": 3381000000,
    "ebitda": 11941000000,
    "ebitdaratio": 0.2658577313,
    "operatingIncome": 8393000000,
    "operatingIncomeRatio": 0.1868640766,
    "totalOtherIncomeExpensesNet": -558000000,
    "incomeBeforeTax": 7835000000,
    "incomeBeforeTaxRatio": 0.17444061,
    "incomeTaxExpense": 703000000,
    "netIncome": 6950000000,
    "netIncomeRatio": 0.1547367249,
    "eps": 17.73,
    "epsdiluted": 17.64,
    "weightedAverageShsOut": 392000000,
    "weightedAverageShsOutDil": 394000000,
    "link": "https://www.sec.gov/Archives/edgar/data/97745/000009774523000008/0000097745-23-000008-index.htm",
    "finalLink": "https://www.sec.gov/Archives/edgar/data/97745/000009774523000008/tmo-20221231.htm"
  },
  {
    "date": "2021-12-31",
    "symbol": "TMO",
    "reportedCurrency": "USD",
    "cik": "0000097745",
    "fillingDate": "2022-02-24",
    "acceptedDate": "2022-02-24 12:58:37",
    "calendarYear": "2021",
    "period": "FY",
    "revenue": 39211000000,
    "costOfRevenue": 18977000000,
    "grossProfit": 20234000000,
    "grossProfitRatio": 0.5160286654,
    "researchAndDevelopmentExpenses": 1406000000,
    "generalAndAdministrativeExpenses": 0,
    "sellingAndMarketingExpenses": 0,
    "sellingGeneralAndAdministrativeExpenses": 6842000000,
    "otherExpenses": 1761000000,
    "operatingExpenses": 10009000000,
    "costAndExpenses": 28986000000,
    "interestIncome": 43000000,
    "interestExpense": 536000000,
    "depreciationAndAmortization": 2592000000,
    "ebitda": 12964000000,
    "ebitdaratio": 0.3306215093,
    "operatingIncome": 10028000000,
    "operatingIncomeRatio": 0.2557445615,
    "totalOtherIncomeExpensesNet": -1187000000,
    "incomeBeforeTax": 8841000000,
    "incomeBeforeTaxRatio": 0.225472444,
    "incomeTaxExpense": 1109000000,
    "netIncome": 7725000000,
    "netIncomeRatio": 0.1970110428,
    "eps": 19.61,
    "epsdiluted": 19.46,
    "weightedAverageShsOut": 394000000,
    "weightedAverageShsOutDil": 397000000,
    "link": "https://www.sec.gov/Archives/edgar/data/97745/000009774522000011/0000097745-22-000011-index.htm",
    "finalLink": "https://www.sec.gov/Archives/edgar/data/97745/000009774522000011/tmo-20211231.htm"
  },
  {
    "date": "2020-12-31",
    "symbol": "TMO",
    "reportedCurrency": "USD",
    "cik": "0000097745",
    "fillingDate": "2021-02-25",
    "acceptedDate": "2021-02-24 17:36:20",
    "calendarYear": "2020",
    "period": "FY",
    "revenue": 32218000000,
    "costOfRevenue": 15713000000,
    "grossProfit": 16505000000,
    "grossProfitRatio": 0.5122912658,
    "researchAndDevelopmentExpenses": 1181000000,
    "generalAndAdministrativeExpenses": 0,
    "sellingAndMarketingExpenses": 0,
    "sellingGeneralAndAdministrativeExpenses": 5764000000,
    "otherExpenses": 1667000000,
    "operatingExpenses": 8612000000,
    "costAndExpenses": 24325000000,
    "interestIncome": 65000000,
    "interestExpense": 553000000,
    "depreciationAndAmortization": 2325000000,
    "ebitda": 10192000000,
    "ebitdaratio": 0.3163449004,
    "operatingIncome": 7794000000,
    "operatingIncomeRatio": 0.2419144578,
    "totalOtherIncomeExpensesNet": -567000000,
    "incomeBeforeTax": 7225000000,
    "incomeBeforeTaxRatio": 0.2242535229,
    "incomeTaxExpense": 850000000,
    "netIncome": 6375000000,
    "netIncomeRatio": 0.1978707555,
    "eps": 16.1,
    "epsdiluted": 15.98,
    "weightedAverageShsOut": 396000000,
    "weightedAverageShsOutDil": 399000000,
    "link": "https://www.sec.gov/Archives/edgar/data/97745/000009774521000011/0000097745-21-000011-index.htm",
    "finalLink": "https://www.sec.gov/Archives/edgar/data/97745/000009774521000011/tmo-20201231.htm"
  },
  {
    "date": "2019-12-31",
    "symbol": "TMO",
    "reportedCurrency": "USD",
    "cik": "0000097745",
    "fillingDate": "2020-02-26",
    "acceptedDate": "2020-02-26 15:33:51",
    "calendarYear": "2019",
    "period": "FY",
    "revenue": 25542000000,
    "costOfRevenue": 13715000000,
    "grossProfit": 11827000000,
    "grossProfitRatio": 0.4630412654,
    "researchAndDevelopmentExpenses": 1003000000,
    "generalAndAdministrativeExpenses": 0,
    "sellingAndMarketingExpenses": 0,
    "sellingGeneralAndAdministrativeExpenses": 4930000000,
    "otherExpenses": 1713000000,
    "operatingExpenses": 7646000000,
    "costAndExpenses": 21361000000,
    "interestIncome": 224000000,
    "interestExpense": 676000000,
    "depreciationAndAmortization": 2277000000,
    "ebitda": 6463000000,
    "ebitdaratio": 0.2530342182,
    "operatingIncome": 4594000000,
    "operatingIncomeRatio": 0.1798606217,
    "totalOtherIncomeExpensesNet": -524000000,
    "incomeBeforeTax": 4070000000,
    "incomeBeforeTaxRatio": 0.1593453919,
    "incomeTaxExpense": 374000000,
    "netIncome": 3696000000,
    "netIncomeRatio": 0.1447028424,
    "eps": 9.24,
    "epsdiluted": 9.17,
    "weightedAverageShsOut": 400000000,
    "weightedAverageShsOutDil": 403000000,
    "link": "https://www.sec.gov/Archives/edgar/data/97745/000009774520000009/0000097745-20-000009-index.htm",
    "finalLink": "https://www.sec.gov/Archives/edgar/data/97745/000009774520000009/tmo-20191231.htm"
  },
  {
    "date": "2018-12-31",
    "symbol": "TMO",
    "reportedCurrency": "USD",
    "cik": "0000097745",
    "fillingDate": "2019-02-27",
    "acceptedDate": "2019-02-27 16:15:13",
    "calendarYear": "2018",
    "period": "FY",
    "revenue": 24358000000,
    "costOfRevenue": 12994000000,
    "grossProfit": 11364000000,
    "grossProfitRatio": 0.4665407669,
    "researchAndDevelopmentExpenses": 967000000,
    "generalAndAdministrativeExpenses": 0,
    "sellingAndMarketingExpenses": 0,
    "sellingGeneralAndAdministrativeExpenses": 4823000000,
    "otherExpenses": 9000000,
    "operatingExpenses": 7531000000,
    "costAndExpenses": 20525000000,
    "interestIncome": 137000000,
    "interestExpense": 667000000,
    "depreciationAndAmortization": 2266000000,
    "ebitda": 6195000000,
    "ebitdaratio": 0.2543312259,
    "operatingIncome": 3783000000,
    "operatingIncomeRatio": 0.1553083176,
    "totalOtherIncomeExpensesNet": -521000000,
    "incomeBeforeTax": 3262000000,
    "incomeBeforeTaxRatio": 0.133919041,
    "incomeTaxExpense": 324000000,
    "netIncome": 2938000000,
    "netIncomeRatio": 0.1206174563,
    "eps": 7.31,
    "epsdiluted": 7.24,
    "weightedAverageShsOut": 402000000,
    "weightedAverageShsOutDil": 406000000,
    "link": "https://www.sec.gov/Archives/edgar/data/97745/000009774519000007/0000097745-19-000007-index.htm",
    "finalLink": "https://www.sec.gov/Archives/edgar/data/97745/000009774519000007/a201810k.htm"
  },
  {
    "date": "2017-12-31",
    "symbol": "TMO",
    "reportedCurrency": "USD",
    "cik": "0000097745",
    "fillingDate": "2018-02-28",
    "acceptedDate": "2018-02-28 09:19:05",
    "calendarYear": "2017",
    "period": "FY",
    "revenue": 20918000000,
    "costOfRevenue": 10961000000,
    "grossProfit": 9957000000,
    "grossProfitRatio": 0.4760015298,
    "researchAndDevelopmentExpenses": 888000000,
    "generalAndAdministrativeExpenses": 0,
    "sellingAndMarketingExpenses": 0,
    "sellingGeneralAndAdministrativeExpenses": 4410000000,
    "otherExpenses": -28000000,
    "operatingExpenses": 6892000000,
    "costAndExpenses": 17853000000,
    "interestIncome": 81000000,
    "interestExpense": 592000000,
    "depreciationAndAmortization": 2033000000,
    "ebitda": 5254000000,
    "ebitdaratio": 0.2511712401,
    "operatingIncome": 2968000000,
    "operatingIncomeRatio": 0.1418873697,
    "totalOtherIncomeExpensesNet": -531000000,
    "incomeBeforeTax": 2429000000,
    "incomeBeforeTaxRatio": 0.116120088,
    "incomeTaxExpense": 201000000,
    "netIncome": 2225000000,
    "netIncomeRatio": 0.1063677216,
    "eps": 5.64,
    "epsdiluted": 5.59,
    "weightedAverageShsOut": 395000000,
    "weightedAverageShsOutDil": 398000000,
    "link": "https://www.sec.gov/Archives/edgar/data/97745/000009774518000006/0000097745-18-000006-index.htm",
    "finalLink": "https://www.sec.gov/Archives/edgar/data/97745/000009774518000006/a201710k.htm"
  },
  {
    "date": "2016-12-31",
    "symbol": "TMO",
    "reportedCurrency": "USD",
    "cik": "0000097745",
    "fillingDate": "2017-02-28",
    "acceptedDate": "2017-02-28 15:22:18",
    "calendarYear": "2016",
    "period": "FY",
    "revenue": 18274100000,
    "costOfRevenue": 9459100000,
    "grossProfit": 8815000000,
    "grossProfitRatio": 0.4823766971,
    "researchAndDevelopmentExpenses": 754800000,
    "generalAndAdministrativeExpenses": 0,
    "sellingAndMarketingExpenses": 0,
    "sellingGeneralAndAdministrativeExpenses": 4043800000,
    "otherExpenses": -4100000,
    "operatingExpenses": 6176600000,
    "costAndExpenses": 15635700000,
    "interestIncome": 48400000,
    "interestExpense": 469600000,
    "depreciationAndAmortization": 1758000000,
    "ebitda": 4251500000,
    "ebitdaratio": 0.2326516764,
    "operatingIncome": 2449200000,
    "operatingIncomeRatio": 0.1340257523,
    "totalOtherIncomeExpensesNet": -434100000,
    "incomeBeforeTax": 2023900000,
    "incomeBeforeTaxRatio": 0.1107523763,
    "incomeTaxExpense": -1400000,
    "netIncome": 2021800000,
    "netIncomeRatio": 0.1106374596,
    "eps": 5.12,
    "epsdiluted": 5.09,
    "weightedAverageShsOut": 394800000,
    "weightedAverageShsOutDil": 397400000,
    "link": "https://www.sec.gov/Archives/edgar/data/97745/000009774517000007/0000097745-17-000007-index.htm",
    "finalLink": "https://www.sec.gov/Archives/edgar/data/97745/000009774517000007/tmo201610k.htm"
  },
  {
    "date": "2015-12-31",
    "symbol": "TMO",
    "reportedCurrency": "USD",
    "cik": "0000097745",
    "fillingDate": "2016-02-25",
    "acceptedDate": "2016-02-25 14:24:54",
    "calendarYear": "2015",
    "period": "FY",
    "revenue": 16965400000,
    "costOfRevenue": 8782700000,
    "grossProfit": 8182700000,
    "grossProfitRatio": 0.482316951,
    "researchAndDevelopmentExpenses": 692300000,
    "generalAndAdministrativeExpenses": 0,
    "sellingAndMarketingExpenses": 0,
    "sellingGeneralAndAdministrativeExpenses": 3724100000,
    "otherExpenses": -15500000,
    "operatingExpenses": 5731200000,
    "costAndExpenses": 14513900000,
    "interestIncome": 30600000,
    "interestExpense": 414900000,
    "depreciationAndAmortization": 1688200000,
    "ebitda": 4039500000,
    "ebitdaratio": 0.2381022552,
    "operatingIncome": 2336200000,
    "operatingIncomeRatio": 0.1377037971,
    "totalOtherIncomeExpensesNet": -399600000,
    "incomeBeforeTax": 1936400000,
    "incomeBeforeTaxRatio": 0.1141381871,
    "incomeTaxExpense": -43900000,
    "netIncome": 1975400000,
    "netIncomeRatio": 0.1164369835,
    "eps": 4.96,
    "epsdiluted": 4.92,
    "weightedAverageShsOut": 398700000,
    "weightedAverageShsOutDil": 401900000,
    "link": "https://www.sec.gov/Archives/edgar/data/97745/000009774516000043/0000097745-16-000043-index.htm",
    "finalLink": "https://www.sec.gov/Archives/edgar/data/97745/000009774516000043/tmo201510k.htm"
  }
]