[
  {
    "date": "2024-12-31",
    "symbol": "TMO",
    "reportedCurrency": "USD",
    "cik": "0000097745",
    "fillingDate": "2025-02-20",
    "acceptedDate": "2025-02-20 13:33:52",
    "calendarYear": "2024",
    "period": "Q4",
    "revenue": 11395000000,
    "costOfRevenue": 6492000000,
    "grossProfit": 4903000000,
    "grossProfitRatio": 0.430276437,
    "researchAndDevelopmentExpenses": 374000000,
    "generalAndAdministrativeExpenses": 0,
    "sellingAndMarketingExpenses": 0,
    "sellingGeneralAndAdministrativeExpenses": 1846000000,
    "otherExpenses": 667000000,
    "operatingExpenses": 2887000000,
    "costAndExpenses": 9379000000,
    "interestIncome": 227000000,
    "interestExpense": 317000000,
    "depreciationAndAmortization": 742000000,
    "ebitda": 3000000000,
    "ebitdaratio": 0.2632733655,
    "operatingIncome": 2016000000,
    "operatingIncomeRatio": 0.1769197016,
    "totalOtherIncomeExpensesNet": -75000000,
    "incomeBeforeTax": 1941000000,
    "incomeBeforeTaxRatio": 0.1703378675,
    "incomeTaxExpense": 150000000,
    "netIncome": 1830000000,
    "netIncomeRatio": 0.160596753,
    "eps": 4.79,
    "epsdiluted": 4.78,
    "weightedAverageShsOut": 382845188,
    "weightedAverageShsOutDil": 383000000,
    "link": "https://www.sec.gov/Archives/edgar/data/97745/000009774525000010/0000097745-25-000010-index.htm",
    "finalLink": "https://www.sec.gov/Archives/edgar/data/97745/000009774525000010/tmo-20241231.htm"
  },
  {
    "date": "2024-09-28",
    "symbol": "TMO",
    "reportedCurrency": "USD",
    "cik": "0000097745",
    "fillingDate": "2024-11-01",
    "acceptedDate": "2024-11-01 11:36:17",
    "calendarYear": "2024",
    "period": "Q3",
    "revenue": 10598000000,
    "costOfRevenue": 6270000000,
    "grossProfit": 4328000000,
    "grossProfitRatio": 0.4083789394,
    "researchAndDevelopmentExpenses": 346000000,
    "generalAndAdministrativeExpenses": 0,
    "sellingAndMarketingExpenses": 0,
    "sellingGeneralAndAdministrativeExpenses": 2098000000,
    "otherExpenses": 46000000,
    "operatingExpenses": 2490000000,
    "costAndExpenses": 8759000000,
    "interestIncome": 277000000,
    "interestExpense": 356000000,
    "depreciationAndAmortization": 740000000,
    "ebitda": 2906000000,
    "ebitdaratio": 0.2742026798,
    "operatingIncome": 1838000000,
    "operatingIncomeRatio": 0.1734289489,
    "totalOtherIncomeExpensesNet": -96000000,
    "incomeBeforeTax": 1742000000,
    "incomeBeforeTaxRatio": 0.164370636,
    "incomeTaxExpense": 99000000,
    "netIncome": 1630000000,
    "netIncomeRatio": 0.1538026043,
    "eps": 4.27,
    "epsdiluted": 4.24,
    "weightedAverageShsOut": 382000000,
    "weightedAverageShsOutDil": 384000000,
    "link": "https://www.sec.gov/Archives/edgar/data/97745/000009774524000046/0000097745-24-000046-index.htm",
    "finalLink": "https://www.sec.gov/Archives/edgar/data/97745/000009774524000046/tmo-20240928.htm"
  },
  {
    "date": "2024-06-29",
    "symbol": "TMO",
    "reportedCurrency": "USD",
    "cik": "0000097745",
    "fillingDate": "2024-08-02",
    "acceptedDate": "2024-08-02 10:00:22",
    "calendarYear": "2024",
    "period": "Q2",
    "revenue": 10541000000,
    "costOfRevenue": 6197000000,
    "grossProfit": 4344000000,
    "grossProfitRatio": 0.4121051134,
    "researchAndDevelopmentExpenses": 339000000,
    "generalAndAdministrativeExpenses": 0,
    "sellingAndMarketingExpenses": 0,
    "sellingGeneralAndAdministrativeExpenses": 2247000000,
    "otherExpenses": 5000000,
    "operatingExpenses": 2586000000,
    "costAndExpenses": 8783000000,
    "interestIncome": 295000000,
    "interestExpense": 354000000,
    "depreciationAndAmortization": 790000000,
    "ebitda": 2977000000,
    "ebitdaratio": 0.2824210227,
    "operatingIncome": 1758000000,
    "operatingIncomeRatio": 0.1667773456,
    "totalOtherIncomeExpensesNet": -55000000,
    "incomeBeforeTax": 1765000000,
    "incomeBeforeTaxRatio": 0.1674414192,
    "incomeTaxExpense": 128000000,
    "netIncome": 1548000000,
    "netIncomeRatio": 0.1468551371,
    "eps": 4.05,
    "epsdiluted": 4.04,
    "weightedAverageShsOut": 382000000,
    "weightedAverageShsOutDil": 383000000,
    "link": "https://www.sec.gov/Archives/edgar/data/97745/000009774524000040/0000097745-24-000040-index.htm",
    "finalLink": "https://www.sec.gov/Archives/edgar/data/97745/000009774524000040/tmo-20240629.htm"
  },
  {
    "date": "2024-03-30",
    "symbol": "TMO",
    "reportedCurrency": "USD",
    "cik": "0000097745",
    "fillingDate": "2024-05-03",
    "acceptedDate": "2024-05-03 11:04:00",
    "calendarYear": "2024",
    "period": "Q1",
    "revenue": 10345000000,
    "costOfRevenue": 6128000000,
    "grossProfit": 4217000000,
    "grossProfitRatio": 0.4076365394,
    "researchAndDevelopmentExpenses": 331000000,
    "generalAndAdministrativeExpenses": 0,
    "sellingAndMarketingExpenses": 0,
    "sellingGeneralAndAdministrativeExpenses": 2166000000,
    "otherExpenses": 10000000,
    "operatingExpenses": 2497000000,
    "costAndExpenses": 8625000000,
    "interestIncome": 279000000,
    "interestExpense": 363000000,
    "depreciationAndAmortization": 836000000,
    "ebitda": 2561000000,
    "ebitdaratio": 0.2475592073,
    "operatingIncome": 1720000000,
    "operatingIncomeRatio": 0.1662638956,
    "totalOtherIncomeExpensesNet": -74000000,
    "incomeBeforeTax": 1589000000,
    "incomeBeforeTaxRatio": 0.1536007733,
    "incomeTaxExpense": 281000000,
    "netIncome": 1328000000,
    "netIncomeRatio": 0.1283711938,
    "eps": 3.48,
    "epsdiluted": 3.46,
    "weightedAverageShsOut": 382000000,
    "weightedAverageShsOutDil": 384000000,
    "link": "https://www.sec.gov/Archives/edgar/data/97745/000009774524000023/0000097745-24-000023-index.htm",
    "finalLink": "https://www.sec.gov/Archives/edgar/data/97745/000009774524000023/tmo-20240330.htm"
  },
  {
    "date": "2023-12-31",
    "symbol": "TMO",
    "reportedCurrency": "USD",
    "cik": "0000097745",
    "fillingDate": "2024-02-22",
    "acceptedDate": "2024-02-22 13:06:42",
    "calendarYear": "2023",
    "period": "Q4",
    "revenue": 10886000000,
    "costOfRevenue": 6390000000,
    "grossProfit": 4496000000,
    "grossProfitRatio": 0.4130075326,
    "researchAndDevelopmentExpenses": 327000000,
    "generalAndAdministrativeExpenses": 0,
    "sellingAndMarketingExpenses": 0,
    "sellingGeneralAndAdministrativeExpenses": 1672000000,
    "otherExpenses": 643000000,
    "operatingExpenses": 2642000000,
    "costAndExpenses": 9032000000,
    "interestIncome": 309000000,
    "interestExpense": 390000000,
    "depreciationAndAmortization": 839000000,
    "ebitda": 2870000000,
    "ebitdaratio": 0.2636413742,
    "operatingIncome": 1854000000,
    "operatingIncomeRatio": 0.1703104905,
    "totalOtherIncomeExpensesNet": -114000000,
    "incomeBeforeTax": 1740000000,
    "incomeBeforeTaxRatio": 0.1598383245,
    "incomeTaxExpense": -133000000,
    "netIncome": 1630000000,
    "netIncomeRatio": 0.1497336028,
    "eps": 4.21,
    "epsdiluted": 4.2,
    "weightedAverageShsOut": 387000000,
    "weightedAverageShsOutDil": 388000000,
    "link": "https://www.sec.gov/Archives/edgar/data/97745/000009774524000007/0000097745-24-000007-index.htm",
    "finalLink": "https://www.sec.gov/Archives/edgar/data/97745/000009774524000007/tmo-20231231.htm"
  },
  {
    "date": "2023-09-30",
    "symbol": "TMO",
    "reportedCurrency": "USD",
    "cik": "0000097745",
    "fillingDate": "2023-11-03",
    "acceptedDate": "2023-11-03 13:04:16",
    "calendarYear": "2023",
    "period": "Q3",
    "revenue": 10574000000,
    "costOfRevenue": 6145000000,
    "grossProfit": 4429000000,
    "grossProfitRatio": 0.4188575752,
    "researchAndDevelopmentExpenses": 319000000,
    "generalAndAdministrativeExpenses": 0,
    "sellingAndMarketingExpenses": 0,
    "sellingGeneralAndAdministrativeExpenses": 1578000000,
    "otherExpenses": 14000000,
    "operatingExpenses": 2481000000,
    "costAndExpenses": 8626000000,
    "interestIncome": 246000000,
    "interestExpense": 359000000,
    "depreciationAndAmortization": 853000000,
    "ebitda": 2802000000,
    "ebitdaratio": 0.2649895971,
    "operatingIncome": 1864000000,
    "operatingIncomeRatio": 0.1762814451,
    "totalOtherIncomeExpensesNet": -99000000,
    "incomeBeforeTax": 1765000000,
    "incomeBeforeTaxRatio": 0.1669188576,
    "incomeTaxExpense": 53000000,
    "netIncome": 1715000000,
    "netIncomeRatio": 0.162190278,
    "eps": 4.44,
    "epsdiluted": 4.42,
    "weightedAverageShsOut": 386000000,
    "weightedAverageShsOutDil": 388000000,
    "link": "https://www.sec.gov/Archives/edgar/data/97745/000009774523000069/0000097745-23-000069-index.htm",
    "finalLink": "https://www.sec.gov/Archives/edgar/data/97745/000009774523000069/tmo-20230930.htm"
  },
  {
    "date": "2023-07-01",
    "symbol": "TMO",
    "reportedCurrency": "USD",
    "cik": "0000097745",
    "fillingDate": "2023-08-04",
    "acceptedDate": "2023-08-04 11:06:05",
    "calendarYear": "2023",
    "period": "Q2",
    "revenue": 10687000000,
    "costOfRevenue": 6323000000,
    "grossProfit": 4364000000,
    "grossProfitRatio": 0.4083465893,
    "researchAndDevelopmentExpenses": 345000000,
    "generalAndAdministrativeExpenses": 0,
    "sellingAndMarketingExpenses": 0,
    "sellingGeneralAndAdministrativeExpenses": 1673000000,
    "otherExpenses": 768000000,
    "operatingExpenses": 2603000000,
    "costAndExpenses": 8926000000,
    "interestIncome": 178000000,
    "interestExpense": 326000000,
    "depreciationAndAmortization": 855000000,
    "ebitda": 2640000000,
    "ebitdaratio": 0.2470291008,
    "operatingIncome": 1578000000,
    "operatingIncomeRatio": 0.1476560307,
    "totalOtherIncomeExpensesNet": -148000000,
    "incomeBeforeTax": 1430000000,
    "incomeBeforeTaxRatio": 0.1338074296,
    "incomeTaxExpense": 52000000,
    "netIncome": 1361000000,
    "netIncomeRatio": 0.1273509872,
    "eps": 3.53,
    "epsdiluted": 3.51,
    "weightedAverageShsOut": 386000000,
    "weightedAverageShsOutDil": 388000000,
    "link": "https://www.sec.gov/Archives/edgar/data/97745/000009774523000059/0000097745-23-000059-index.htm",
    "finalLink": "https://www.sec.gov/Archives/edgar/data/97745/000009774523000059/tmo-20230701.htm"
  },
  {
    "date": "2023-04-01",
    "symbol": "TMO",
    "reportedCurrency": "USD",
    "cik": "0000097745",
    "fillingDate": "2023-05-05",
    "acceptedDate": "2023-05-05 11:41:34",
    "calendarYear": "2023",
    "period": "Q1",
    "revenue": 10710000000,
    "costOfRevenue": 6437000000,
    "grossProfit": 4273000000,
    "grossProfitRatio": 0.3989729225,
    "researchAndDevelopmentExpenses": 346000000,
    "generalAndAdministrativeExpenses": 0,
    "sellingAndMarketingExpenses": 0,
    "sellingGeneralAndAdministrativeExpenses": 1646000000,
    "otherExpenses": 606000000,
    "operatingExpenses": 2598000000,
    "costAndExpenses": 9035000000,
    "interestIncome": 146000000,
    "interestExpense": 300000000,
    "depreciationAndAmortization": 859000000,
    "ebitda": 2583000000,
    "ebitdaratio": 0.2411764706,
    "operatingIncome": 1563000000,
    "operatingIncomeRatio": 0.1459383754,
    "totalOtherIncomeExpensesNet": -200000000,
    "incomeBeforeTax": 1363000000,
    "incomeBeforeTaxRatio": 0.127264239,
    "incomeTaxExpense": 46000000,
    "netIncome": 1289000000,
    "netIncomeRatio": 0.1203548086,
    "eps": 3.34,
    "epsdiluted": 3.32,
    "weightedAverageShsOut": 386000000,
    "weightedAverageShsOutDil": 388000000,
    "link": "https://www.sec.gov/Archives/edgar/data/97745/000009774523000033/0000097745-23-000033-index.htm",
    "finalLink": "https://www.sec.gov/Archives/edgar/data/97745/000009774523000033/tmo-20230401.htm"
  },
  {
    "date": "2022-12-31",
    "symbol": "TMO",
    "reportedCurrency": "USD",
    "cik": "0000097745",
    "fillingDate": "2023-02-23",
    "acceptedDate": "2023-02-23 12:54:52",
    "calendarYear": "2022",
    "period": "Q4",
    "revenue": 11450000000,
    "costOfRevenue": 6715000000,
    "grossProfit": 4735000000,
    "grossProfitRatio": 0.4135371179,
    "researchAndDevelopmentExpenses": 391000000,
    "generalAndAdministrativeExpenses": 0,
    "sellingAndMarketingExpenses": 0,
    "sellingGeneralAndAdministrativeExpenses": 1836000000,
    "otherExpenses": 592000000,
    "operatingExpenses": 2819000000,
    "costAndExpenses": 9534000000,
    "interestIncome": 150000000,
    "interestExpense": 269000000,
    "depreciationAndAmortization": 848000000,
    "ebitda": 2884000000,
    "ebitdaratio": 0.2518777293,
    "operatingIncome": 1861000000,
    "operatingIncomeRatio": 0.1625327511,
    "totalOtherIncomeExpensesNet": -84000000,
    "incomeBeforeTax": 1777000000,
    "incomeBeforeTaxRatio": 0.1551965066,
    "incomeTaxExpense": 173000000,
    "netIncome": 1576000000,
    "netIncomeRatio": 0.1376419214,
    "eps": 4.03,
    "epsdiluted": 4.01,
    "weightedAverageShsOut": 391000000,
    "weightedAverageShsOutDil": 393000000,
    "link": "https://www.sec.gov/Archives/edgar/data/97745/000009774523000008/0000097745-23-000008-index.htm",
    "finalLink": "https://www.sec.gov/Archives/edgar/data/97745/000009774523000008/tmo-20221231.htm"
  },
  {
    "date": "2022-10-01",
    "symbol": "TMO",
    "reportedCurrency": "USD",
    "cik": "0000097745",
    "fillingDate": "2022-11-04",
    "acceptedDate": "2022-11-04 14:12:20",
    "calendarYear": "2022",
    "period": "Q3",
    "revenue": 10677000000,
    "costOfRevenue": 6246000000,
    "grossProfit": 4431000000,
    "grossProfitRatio": 0.4150042147,
    "researchAndDevelopmentExpenses": 351000000,
    "generalAndAdministrativeExpenses": 0,
    "sellingAndMarketingExpenses": 0,
    "sellingGeneralAndAdministrativeExpenses": 1743000000,
    "otherExpenses": 594000000,
    "operatingExpenses": 2688000000,
    "costAndExpenses": 8934000000,
    "interestIncome": 68000000,
    "interestExpense": 173000000,
    "depreciationAndAmortization": 838000000,
    "ebitda": 2565000000,
    "ebitdaratio": 0.2402360214,
    "operatingIncome": 1710000000,
    "operatingIncomeRatio": 0.1601573476,
    "totalOtherIncomeExpensesNet": -109000000,
    "incomeBeforeTax": 1601000000,
    "incomeBeforeTaxRatio": 0.1499484874,
    "incomeTaxExpense": 31000000,
    "netIncome": 1495000000,
    "netIncomeRatio": 0.140020605,
    "eps": 3.81,
    "epsdiluted": 3.78,
    "weightedAverageShsOut": 392000000,
    "weightedAverageShsOutDil": 395000000,
    "link": "https://www.sec.gov/Archives/edgar/data/97745/000009774522000057/0000097745-22-000057-index.htm",
    "finalLink": "https://www.sec.gov/Archives/edgar/data/97745/000009774522000057/tmo-20221001.htm"
  },
  {
    "date": "2022-07-02",
    "symbol": "TMO",
    "reportedCurrency": "USD",
    "cik": "0000097745",
    "fillingDate": "2022-08-05",
    "acceptedDate": "2022-08-05 12:36:55",
    "calendarYear": "2022",
    "period": "Q2",
    "revenue": 10970000000,
    "costOfRevenue": 6240000000,
    "grossProfit": 4730000000,
    "grossProfitRatio": 0.4311759344,
    "researchAndDevelopmentExpenses": 365000000,
    "generalAndAdministrativeExpenses": 0,
    "sellingAndMarketingExpenses": 0,
    "sellingGeneralAndAdministrativeExpenses": 1740000000,
    "otherExpenses": 600000000,
    "operatingExpenses": 2705000000,
    "costAndExpenses": 8945000000,
    "interestIncome": 36000000,
    "interestExpense": 148000000,
    "depreciationAndAmortization": 836000000,
    "ebitda": 2818000000,
    "ebitdaratio": 0.2568824066,
    "operatingIncome": 2001000000,
    "operatingIncomeRatio": 0.1824065634,
    "totalOtherIncomeExpensesNet": -84000000,
    "incomeBeforeTax": 1917000000,
    "incomeBeforeTaxRatio": 0.1747493163,
    "incomeTaxExpense": 198000000,
    "netIncome": 1664000000,
    "netIncomeRatio": 0.1516864175,
    "eps": 4.24,
    "epsdiluted": 4.22,
    "weightedAverageShsOut": 392000000,
    "weightedAverageShsOutDil": 394000000,
    "link": "https://www.sec.gov/Archives/edgar/data/97745/000009774522000047/0000097745-22-000047-index.htm",
    "finalLink": "https://www.sec.gov/Archives/edgar/data/97745/000009774522000047/tmo-20220702.htm"
  },
  {
    "date": "2022-04-02",
    "symbol": "TMO",
    "reportedCurrency": "USD",
    "cik": "0000097745",
    "fillingDate": "2022-05-06",
    "acceptedDate": "2022-05-06 14:53:03",
    "calendarYear": "2022",
    "period": "Q1",
    "revenue": 11818000000,
    "costOfRevenue": 6214000000,
    "grossProfit": 5604000000,
    "grossProfitRatio": 0.4741919106,
    "researchAndDevelopmentExpenses": 364000000,
    "generalAndAdministrativeExpenses": 0,
    "sellingAndMarketingExpenses": 0,
    "sellingGeneralAndAdministrativeExpenses": 1808000000,
    "otherExpenses": 609000000,
    "operatingExpenses": 2781000000,
    "costAndExpenses": 8995000000,
    "interestIncome": 18000000,
    "interestExpense": 136000000,
    "depreciationAndAmortization": 859000000,
    "ebitda": 3689000000,
    "ebitdaratio": 0.3121509562,
    "operatingIncome": 2821000000,
    "operatingIncomeRatio": 0.2387036724,
    "totalOtherIncomeExpensesNet": -281000000,
    "incomeBeforeTax": 2540000000,
    "incomeBeforeTaxRatio": 0.2149263835,
    "incomeTaxExpense": 301000000,
    "netIncome": 2215000000,
    "netIncomeRatio": 0.1874259604,
    "eps": 5.65,
    "epsdiluted": 5.61,
    "weightedAverageShsOut": 392000000,
    "weightedAverageShsOutDil": 395000000,
    "link": "https://www.sec.gov/Archives/edgar/data/97745/000009774522000027/0000097745-22-000027-index.htm",
    "finalLink": "https://www.sec.gov/Archives/edgar/data/97745/000009774522000027/tmo-20220402.htm"
  },
  {
    "date": "2021-12-31",
    "symbol": "TMO",
    "reportedCurrency": "USD",
    "cik": "0000097745",
    "fillingDate": "2022-02-24",
    "acceptedDate": "2022-02-24 12:58:37",
    "calendarYear": "2021",
    "period": "Q4",
    "revenue": 10702000000,
    "costOfRevenue": 5302000000,
    "grossProfit": 5400000000,
    "grossProfitRatio": 0.5045785834,
    "researchAndDevelopmentExpenses": 392000000,
    "generalAndAdministrativeExpenses": 0,
    "sellingAndMarketingExpenses": 0,
    "sellingGeneralAndAdministrativeExpenses": 1958000000,
    "otherExpenses": -526000000,
    "operatingExpenses": 2816000000,
    "costAndExpenses": 8118000000,
    "interestIncome": 11000000,
    "interestExpense": 161000000,
    "depreciationAndAmortization": 683000000,
    "ebitda": 3441000000,
    "ebitdaratio": 0.3215286862,
    "operatingIncome": 2538000000,
    "operatingIncomeRatio": 0.2371519342,
    "totalOtherIncomeExpensesNet": -676000000,
    "incomeBeforeTax": 1862000000,
    "incomeBeforeTaxRatio": 0.1739861708,
    "incomeTaxExpense": 202000000,
    "netIncome": 1658000000,
    "netIncomeRatio": 0.1549243132,
    "eps": 4.2,
    "epsdiluted": 4.17,
    "weightedAverageShsOut": 394000000,
    "weightedAverageShsOutDil": 398000000,
    "link": "https://www.sec.gov/Archives/edgar/data/97745/000009774522000011/0000097745-22-000011-index.htm",
    "finalLink": "https://www.sec.gov/Archives/edgar/data/97745/000009774522000011/tmo-20211231.htm"
  },
  {
    "date": "2021-10-02",
    "symbol": "TMO",
    "reportedCurrency": "USD",
    "cik": "0000097745",
    "fillingDate": "2021-11-04",
    "acceptedDate": "2021-11-04 15:55:58",
    "calendarYear": "2021",
    "period": "Q3",
    "revenue": 9330000000,
    "costOfRevenue": 4533000000,
    "grossProfit": 4797000000,
    "grossProfitRatio": 0.51414791,
    "researchAndDevelopmentExpenses": 351000000,
    "generalAndAdministrativeExpenses": 0,
    "sellingAndMarketingExpenses": 0,
    "sellingGeneralAndAdministrativeExpenses": 1727000000,
    "otherExpenses": 14000000,
    "operatingExpenses": 2501000000,
    "costAndExpenses": 7034000000,
    "interestIncome": 9000000,
    "interestExpense": 128000000,
    "depreciationAndAmortization": 628000000,
    "ebitda": 2947000000,
    "ebitdaratio": 0.3158628081,
    "operatingIncome": 2278000000,
    "operatingIncomeRatio": 0.2441586281,
    "totalOtherIncomeExpensesNet": -105000000,
    "incomeBeforeTax": 2173000000,
    "incomeBeforeTaxRatio": 0.2329046088,
    "incomeTaxExpense": 271000000,
    "netIncome": 1902000000,
    "netIncomeRatio": 0.2038585209,
    "eps": 4.83,
    "epsdiluted": 4.79,
    "weightedAverageShsOut": 394000000,
    "weightedAverageShsOutDil": 397000000,
    "link": "https://www.sec.gov/Archives/edgar/data/97745/000009774521000058/0000097745-21-000058-index.htm",
    "finalLink": "https://www.sec.gov/Archives/edgar/data/97745/000009774521000058/tmo-20211002.htm"
  },
  {
    "date": "2021-07-03",
    "symbol": "TMO",
    "reportedCurrency": "USD",
    "cik": "0000097745",
    "fillingDate": "2021-08-06",
    "acceptedDate": "2021-08-06 11:12:26",
    "calendarYear": "2021",
    "period": "Q2",
    "revenue": 9273000000,
    "costOfRevenue": 4585000000,
    "grossProfit": 4688000000,
    "grossProfitRatio": 0.5055537582,
    "researchAndDevelopmentExpenses": 343000000,
    "generalAndAdministrativeExpenses": 0,
    "sellingAndMarketingExpenses": 0,
    "sellingGeneralAndAdministrativeExpenses": 1614000000,
    "otherExpenses": -5000000,
    "operatingExpenses": 2406000000,
    "costAndExpenses": 6991000000,
    "interestIncome": 11000000,
    "interestExpense": 122000000,
    "depreciationAndAmortization": 660000000,
    "ebitda": 2882000000,
    "ebitdaratio": 0.3107947805,
    "operatingIncome": 2163000000,
    "operatingIncomeRatio": 0.2332578454,
    "totalOtherIncomeExpensesNet": -116000000,
    "incomeBeforeTax": 2047000000,
    "incomeBeforeTaxRatio": 0.2207484094,
    "incomeTaxExpense": 219000000,
    "netIncome": 1828000000,
    "netIncomeRatio": 0.1971314569,
    "eps": 4.65,
    "epsdiluted": 4.61,
    "weightedAverageShsOut": 393000000,
    "weightedAverageShsOutDil": 396000000,
    "link": "https://www.sec.gov/Archives/edgar/data/97745/000009774521000045/0000097745-21-000045-index.htm",
    "finalLink": "https://www.sec.gov/Archives/edgar/data/97745/000009774521000045/tmo-20210703.htm"
  },
  {
    "date": "2021-04-03",
    "symbol": "TMO",
    "reportedCurrency": "USD",
    "cik": "0000097745",
    "fillingDate": "2021-05-07",
    "acceptedDate": "2021-05-07 15:12:05",
    "calendarYear": "2021",
    "period": "Q1",
    "revenue": 9906000000,
    "costOfRevenue": 4557000000,
    "grossProfit": 5349000000,
    "grossProfitRatio": 0.5399757723,
    "researchAndDevelopmentExpenses": 320000000,
    "generalAndAdministrativeExpenses": 0,
    "sellingAndMarketingExpenses": 0,
    "sellingGeneralAndAdministrativeExpenses": 1543000000,
    "otherExpenses": -183000000,
    "operatingExpenses": 2286000000,
    "costAndExpenses": 6843000000,
    "interestIncome": 12000000,
    "interestExpense": 125000000,
    "depreciationAndAmortization": 621000000,
    "ebitda": 3708000000,
    "ebitdaratio": 0.3743185948,
    "operatingIncome": 3049000000,
    "operatingIncomeRatio": 0.3077932566,
    "totalOtherIncomeExpensesNet": -296000000,
    "incomeBeforeTax": 2753000000,
    "incomeBeforeTaxRatio": 0.2779123763,
    "incomeTaxExpense": 416000000,
    "netIncome": 2337000000,
    "netIncomeRatio": 0.2359176257,
    "eps": 5.93,
    "epsdiluted": 5.88,
    "weightedAverageShsOut": 394000000,
    "weightedAverageShsOutDil": 397000000,
    "link": "https://www.sec.gov/Archives/edgar/data/97745/000009774521000026/0000097745-21-000026-index.htm",
    "finalLink": "https://www.sec.gov/Archives/edgar/data/97745/000009774521000026/tmo-20210403.htm"
  },
  {
    "date": "2020-12-31",
    "symbol": "TMO",
    "reportedCurrency": "USD",
    "cik": "0000097745",
    "fillingDate": "2021-02-25",
    "acceptedDate": "2021-02-24 17:36:20",
    "calendarYear": "2020",
    "period": "Q4",
    "revenue": 10550000000,
    "costOfRevenue": 4867000000,
    "grossProfit": 5683000000,
    "grossProfitRatio": 0.5386729858,
    "researchAndDevelopmentExpenses": 376000000,
    "generalAndAdministrativeExpenses": 0,
    "sellingAndMarketingExpenses": 0,
    "sellingGeneralAndAdministrativeExpenses": 1793000000,
    "otherExpenses": -45000000,
    "operatingExpenses": 2580000000,
    "costAndExpenses": 7447000000,
    "interestIncome": 12000000,
    "interestExpense": 146000000,
    "depreciationAndAmortization": 602000000,
    "ebitda": 3691000000,
    "ebitdaratio": 0.3498578199,
    "operatingIncome": 3071000000,
    "operatingIncomeRatio": 0.2910900474,
    "totalOtherIncomeExpensesNet": -179000000,
    "incomeBeforeTax": 2892000000,
    "incomeBeforeTaxRatio": 0.2741232227,
    "incomeTaxExpense": 394000000,
    "netIncome": 2498000000,
    "netIncomeRatio": 0.2367772512,
    "eps": 6.3,
    "epsdiluted": 6.24,
    "weightedAverageShsOut": 397000000,
    "weightedAverageShsOutDil": 400000000,
    "link": "https://www.sec.gov/Archives/edgar/data/97745/000009774521000011/0000097745-21-000011-index.htm",
    "finalLink": "https://www.sec.gov/Archives/edgar/data/97745/000009774521000011/tmo-20201231.htm"
  },
  {
    "date": "2020-09-26",
    "symbol": "TMO",
    "reportedCurrency": "USD",
    "cik": "0000097745",
    "fillingDate": "2020-10-30",
    "acceptedDate": "2020-10-30 10:34:57",
    "calendarYear": "2020",
    "period": "Q3",
    "revenue": 8521000000,
    "costOfRevenue": 4065000000,
    "grossProfit": 4456000000,
    "grossProfitRatio": 0.5229433165,
    "researchAndDevelopmentExpenses": 296000000,
    "generalAndAdministrativeExpenses": 0,
    "sellingAndMarketingExpenses": 0,
    "sellingGeneralAndAdministrativeExpenses": 1303000000,
    "otherExpenses": -39000000,
    "operatingExpenses": 2013000000,
    "costAndExpenses": 6078000000,
    "interestIncome": 9000000,
    "interestExpense": 144000000,
    "depreciationAndAmortization": 575000000,
    "ebitda": 3010000000,
    "ebitdaratio": 0.3532449243,
    "operatingIncome": 2426000000,
    "operatingIncomeRatio": 0.2847083676,
    "totalOtherIncomeExpensesNet": -174000000,
    "incomeBeforeTax": 2252000000,
    "incomeBeforeTaxRatio": 0.2642882291,
    "incomeTaxExpense": 319000000,
    "netIncome": 1933000000,
    "netIncomeRatio": 0.2268513085,
    "eps": 4.88,
    "epsdiluted": 4.84,
    "weightedAverageShsOut": 396000000,
    "weightedAverageShsOutDil": 399000000,
    "link": "https://www.sec.gov/Archives/edgar/data/97745/000009774520000051/0000097745-20-000051-index.htm",
    "finalLink": "https://www.sec.gov/Archives/edgar/data/97745/000009774520000051/tmo-20200926.htm"
  },
  {
    "date": "2020-06-27",
    "symbol": "TMO",
    "reportedCurrency": "USD",
    "cik": "0000097745",
    "fillingDate": "2020-07-31",
    "acceptedDate": "2020-07-31 10:33:39",
    "calendarYear": "2020",
    "period": "Q2",
    "revenue": 6917000000,
    "costOfRevenue": 3416000000,
    "grossProfit": 3501000000,
    "grossProfitRatio": 0.5061442822,
    "researchAndDevelopmentExpenses": 264000000,
    "generalAndAdministrativeExpenses": 0,
    "sellingAndMarketingExpenses": 0,
    "sellingGeneralAndAdministrativeExpenses": 1417000000,
    "otherExpenses": -9000000,
    "operatingExpenses": 2098000000,
    "costAndExpenses": 5514000000,
    "interestIncome": 8000000,
    "interestExpense": 137000000,
    "depreciationAndAmortization": 574000000,
    "ebitda": 1977000000,
    "ebitdaratio": 0.285817551,
    "operatingIncome": 1391000000,
    "operatingIncomeRatio": 0.2010987422,
    "totalOtherIncomeExpensesNet": -138000000,
    "incomeBeforeTax": 1253000000,
    "incomeBeforeTaxRatio": 0.1811478965,
    "incomeTaxExpense": 97000000,
    "netIncome": 1156000000,
    "netIncomeRatio": 0.1671244759,
    "eps": 2.92,
    "epsdiluted": 2.9,
    "weightedAverageShsOut": 395000000,
    "weightedAverageShsOutDil": 398000000,
    "link": "https://www.sec.gov/Archives/edgar/data/97745/000009774520000038/0000097745-20-000038-index.htm",
    "finalLink": "https://www.sec.gov/Archives/edgar/data/97745/000009774520000038/tmo-20200627.htm"
  },
  {
    "date": "2020-03-28",
    "symbol": "TMO",
    "reportedCurrency": "USD",
    "cik": "0000097745",
    "fillingDate": "2020-05-01",
    "acceptedDate": "2020-05-01 11:16:42",
    "calendarYear": "2020",
    "period": "Q1",
    "revenue": 6230000000,
    "costOfRevenue": 3365000000,
    "grossProfit": 2865000000,
    "grossProfitRatio": 0.4598715891,
    "researchAndDevelopmentExpenses": 245000000,
    "generalAndAdministrativeExpenses": 0,
    "sellingAndMarketingExpenses": 0,
    "sellingGeneralAndAdministrativeExpenses": 1251000000,
    "otherExpenses": 12000000,
    "operatingExpenses": 1921000000,
    "costAndExpenses": 5286000000,
    "interestIncome": 36000000,
    "interestExpense": 126000000,
    "depreciationAndAmortization": 574000000,
    "ebitda": 1518000000,
    "ebitdaratio": 0.2436597111,
    "operatingIncome": 906000000,
    "operatingIncomeRatio": 0.1454253612,
    "totalOtherIncomeExpensesNet": -78000000,
    "incomeBeforeTax": 828000000,
    "incomeBeforeTaxRatio": 0.132905297,
    "incomeTaxExpense": 40000000,
    "netIncome": 788000000,
    "netIncomeRatio": 0.1264847512,
    "eps": 1.99,
    "epsdiluted": 1.97,
    "weightedAverageShsOut": 397000000,
    "weightedAverageShsOutDil": 400000000,
    "link": "https://www.sec.gov/Archives/edgar/data/97745/000009774520000018/0000097745-20-000018-index.htm",
    "finalLink": "https://www.sec.gov/Archives/edgar/data/97745/000009774520000018/tmo-20200328.htm"
  }
]