[
  {
    "date": "2024-12-31",
    "symbol": "SYK",
    "reportedCurrency": "USD",
    "cik": "0000310764",
    "fillingDate": "2025-02-12",
    "acceptedDate": "2025-02-12 11:47:17",
    "calendarYear": "2024",
    "period": "Q4",
    "revenue": 6436000000,
    "costOfRevenue": 2262000000,
    "grossProfit": 4174000000,
    "grossProfitRatio": 0.6485394655,
    "researchAndDevelopmentExpenses": 369000000,
    "generalAndAdministrativeExpenses": 0,
    "sellingAndMarketingExpenses": 0,
    "sellingGeneralAndAdministrativeExpenses": 2135000000,
    "otherExpenses": 1089000000,
    "operatingExpenses": 3593000000,
    "costAndExpenses": 5855000000,
    "interestIncome": 0,
    "interestExpense": 0,
    "depreciationAndAmortization": 264000000,
    "ebitda": 1822000000,
    "ebitdaratio": 0.2830950901,
    "operatingIncome": 581000000,
    "operatingIncomeRatio": 0.0902734618,
    "totalOtherIncomeExpensesNet": -53000000,
    "incomeBeforeTax": 528000000,
    "incomeBeforeTaxRatio": 0.0820385333,
    "incomeTaxExpense": -18000000,
    "netIncome": 546000000,
    "netIncomeRatio": 0.0848353014,
    "eps": 1.43,
    "epsdiluted": 1.42,
    "weightedAverageShsOut": 381000000,
    "weightedAverageShsOutDil": 385600000,
    "link": "https://www.sec.gov/Archives/edgar/data/310764/000031076425000023/0000310764-25-000023-index.htm",
    "finalLink": "https://www.sec.gov/Archives/edgar/data/310764/000031076425000023/syk-20241231.htm"
  },
  {
    "date": "2024-09-30",
    "symbol": "SYK",
    "reportedCurrency": "USD",
    "cik": "0000310764",
    "fillingDate": "2024-10-30",
    "acceptedDate": "2024-10-30 12:35:26",
    "calendarYear": "2024",
    "period": "Q3",
    "revenue": 5494000000,
    "costOfRevenue": 1977000000,
    "grossProfit": 3517000000,
    "grossProfitRatio": 0.6401528941,
    "researchAndDevelopmentExpenses": 377000000,
    "generalAndAdministrativeExpenses": 0,
    "sellingAndMarketingExpenses": 0,
    "sellingGeneralAndAdministrativeExpenses": 1896000000,
    "otherExpenses": 159000000,
    "operatingExpenses": 2432000000,
    "costAndExpenses": 4409000000,
    "interestIncome": 0,
    "interestExpense": 0,
    "depreciationAndAmortization": 268000000,
    "ebitda": 1353000000,
    "ebitdaratio": 0.2462686567,
    "operatingIncome": 1085000000,
    "operatingIncomeRatio": 0.1974881689,
    "totalOtherIncomeExpensesNet": -42000000,
    "incomeBeforeTax": 1043000000,
    "incomeBeforeTaxRatio": 0.1898434656,
    "incomeTaxExpense": 209000000,
    "netIncome": 834000000,
    "netIncomeRatio": 0.1518019658,
    "eps": 2.19,
    "epsdiluted": 2.16,
    "weightedAverageShsOut": 381100000,
    "weightedAverageShsOutDil": 385600000,
    "link": "https://www.sec.gov/Archives/edgar/data/310764/000031076424000115/0000310764-24-000115-index.htm",
    "finalLink": "https://www.sec.gov/Archives/edgar/data/310764/000031076424000115/syk-20240930.htm"
  },
  {
    "date": "2024-06-30",
    "symbol": "SYK",
    "reportedCurrency": "USD",
    "cik": "0000310764",
    "fillingDate": "2024-07-31",
    "acceptedDate": "2024-07-31 10:51:11",
    "calendarYear": "2024",
    "period": "Q2",
    "revenue": 5422000000,
    "costOfRevenue": 2098000000,
    "grossProfit": 3324000000,
    "grossProfitRatio": 0.6130579122,
    "researchAndDevelopmentExpenses": 352000000,
    "generalAndAdministrativeExpenses": 0,
    "sellingAndMarketingExpenses": 0,
    "sellingGeneralAndAdministrativeExpenses": 1814000000,
    "otherExpenses": -53000000,
    "operatingExpenses": 2166000000,
    "costAndExpenses": 4264000000,
    "interestIncome": 0,
    "interestExpense": 0,
    "depreciationAndAmortization": 258000000,
    "ebitda": 1309000000,
    "ebitdaratio": 0.2414238288,
    "operatingIncome": 1158000000,
    "operatingIncomeRatio": 0.2135743268,
    "totalOtherIncomeExpensesNet": -53000000,
    "incomeBeforeTax": 998000000,
    "incomeBeforeTaxRatio": 0.1840649207,
    "incomeTaxExpense": 173000000,
    "netIncome": 825000000,
    "netIncomeRatio": 0.1521578753,
    "eps": 2.17,
    "epsdiluted": 2.14,
    "weightedAverageShsOut": 381000000,
    "weightedAverageShsOutDil": 385400000,
    "link": "https://www.sec.gov/Archives/edgar/data/310764/000031076424000098/0000310764-24-000098-index.htm",
    "finalLink": "https://www.sec.gov/Archives/edgar/data/310764/000031076424000098/syk-20240630.htm"
  },
  {
    "date": "2024-03-31",
    "symbol": "SYK",
    "reportedCurrency": "USD",
    "cik": "0000310764",
    "fillingDate": "2024-05-01",
    "acceptedDate": "2024-05-01 11:52:37",
    "calendarYear": "2024",
    "period": "Q1",
    "revenue": 5243000000,
    "costOfRevenue": 2059000000,
    "grossProfit": 3184000000,
    "grossProfitRatio": 0.607285905,
    "researchAndDevelopmentExpenses": 368000000,
    "generalAndAdministrativeExpenses": 0,
    "sellingAndMarketingExpenses": 0,
    "sellingGeneralAndAdministrativeExpenses": 1840000000,
    "otherExpenses": -49000000,
    "operatingExpenses": 2208000000,
    "costAndExpenses": 4267000000,
    "interestIncome": 0,
    "interestExpense": 0,
    "depreciationAndAmortization": 260000000,
    "ebitda": 1232000000,
    "ebitdaratio": 0.2349799733,
    "operatingIncome": 976000000,
    "operatingIncomeRatio": 0.1861529659,
    "totalOtherIncomeExpensesNet": -49000000,
    "incomeBeforeTax": 923000000,
    "incomeBeforeTaxRatio": 0.1760442495,
    "incomeTaxExpense": 135000000,
    "netIncome": 788000000,
    "netIncomeRatio": 0.1502956323,
    "eps": 2.07,
    "epsdiluted": 2.05,
    "weightedAverageShsOut": 380400000,
    "weightedAverageShsOutDil": 385100000,
    "link": "https://www.sec.gov/Archives/edgar/data/310764/000031076424000064/0000310764-24-000064-index.htm",
    "finalLink": "https://www.sec.gov/Archives/edgar/data/310764/000031076424000064/syk-20240331.htm"
  },
  {
    "date": "2023-12-31",
    "symbol": "SYK",
    "reportedCurrency": "USD",
    "cik": "0000310764",
    "fillingDate": "2024-02-14",
    "acceptedDate": "2024-02-14 10:55:50",
    "calendarYear": "2023",
    "period": "Q4",
    "revenue": 5815000000,
    "costOfRevenue": 2112000000,
    "grossProfit": 3703000000,
    "grossProfitRatio": 0.6368013758,
    "researchAndDevelopmentExpenses": 350000000,
    "generalAndAdministrativeExpenses": 0,
    "sellingAndMarketingExpenses": 0,
    "sellingGeneralAndAdministrativeExpenses": 1941000000,
    "otherExpenses": -31000000,
    "operatingExpenses": 2440000000,
    "costAndExpenses": 4552000000,
    "interestIncome": 35000000,
    "interestExpense": 0,
    "depreciationAndAmortization": 250000000,
    "ebitda": 1587000000,
    "ebitdaratio": 0.2729148753,
    "operatingIncome": 1257000000,
    "operatingIncomeRatio": 0.2161650903,
    "totalOtherIncomeExpensesNet": -31000000,
    "incomeBeforeTax": 1226000000,
    "incomeBeforeTaxRatio": 0.2108340499,
    "incomeTaxExpense": 83000000,
    "netIncome": 1143000000,
    "netIncomeRatio": 0.1965606191,
    "eps": 3.01,
    "epsdiluted": 2.98,
    "weightedAverageShsOut": 380000000,
    "weightedAverageShsOutDil": 383900000,
    "link": "https://www.sec.gov/Archives/edgar/data/310764/000031076424000024/0000310764-24-000024-index.htm",
    "finalLink": "https://www.sec.gov/Archives/edgar/data/310764/000031076424000024/syk-20231231.htm"
  },
  {
    "date": "2023-09-30",
    "symbol": "SYK",
    "reportedCurrency": "USD",
    "cik": "0000310764",
    "fillingDate": "2023-11-03",
    "acceptedDate": "2023-11-03 11:23:21",
    "calendarYear": "2023",
    "period": "Q3",
    "revenue": 4909000000,
    "costOfRevenue": 1751000000,
    "grossProfit": 3158000000,
    "grossProfitRatio": 0.6433082094,
    "researchAndDevelopmentExpenses": 353000000,
    "generalAndAdministrativeExpenses": 0,
    "sellingAndMarketingExpenses": 0,
    "sellingGeneralAndAdministrativeExpenses": 1701000000,
    "otherExpenses": -62000000,
    "operatingExpenses": 2218000000,
    "costAndExpenses": 3969000000,
    "interestIncome": 15000000,
    "interestExpense": 0,
    "depreciationAndAmortization": 262000000,
    "ebitda": 1193000000,
    "ebitdaratio": 0.2430230189,
    "operatingIncome": 931000000,
    "operatingIncomeRatio": 0.1896516602,
    "totalOtherIncomeExpensesNet": -62000000,
    "incomeBeforeTax": 869000000,
    "incomeBeforeTaxRatio": 0.1770217967,
    "incomeTaxExpense": 177000000,
    "netIncome": 692000000,
    "netIncomeRatio": 0.1409655734,
    "eps": 1.82,
    "epsdiluted": 1.8,
    "weightedAverageShsOut": 379800000,
    "weightedAverageShsOutDil": 384000000,
    "link": "https://www.sec.gov/Archives/edgar/data/310764/000031076423000116/0000310764-23-000116-index.htm",
    "finalLink": "https://www.sec.gov/Archives/edgar/data/310764/000031076423000116/syk-20230930.htm"
  },
  {
    "date": "2023-06-30",
    "symbol": "SYK",
    "reportedCurrency": "USD",
    "cik": "0000310764",
    "fillingDate": "2023-08-04",
    "acceptedDate": "2023-08-04 11:16:14",
    "calendarYear": "2023",
    "period": "Q2",
    "revenue": 4996000000,
    "costOfRevenue": 1815000000,
    "grossProfit": 3181000000,
    "grossProfitRatio": 0.6367093675,
    "researchAndDevelopmentExpenses": 346000000,
    "generalAndAdministrativeExpenses": 0,
    "sellingAndMarketingExpenses": 0,
    "sellingGeneralAndAdministrativeExpenses": 1706000000,
    "otherExpenses": -66000000,
    "operatingExpenses": 2213000000,
    "costAndExpenses": 4028000000,
    "interestIncome": 11000000,
    "interestExpense": 0,
    "depreciationAndAmortization": 259000000,
    "ebitda": 1224000000,
    "ebitdaratio": 0.2449959968,
    "operatingIncome": 965000000,
    "operatingIncomeRatio": 0.1931545236,
    "totalOtherIncomeExpensesNet": -66000000,
    "incomeBeforeTax": 899000000,
    "incomeBeforeTaxRatio": 0.1799439552,
    "incomeTaxExpense": 161000000,
    "netIncome": 738000000,
    "netIncomeRatio": 0.1477181745,
    "eps": 1.94,
    "epsdiluted": 1.92,
    "weightedAverageShsOut": 379700000,
    "weightedAverageShsOutDil": 383900000,
    "link": "https://www.sec.gov/Archives/edgar/data/310764/000031076423000106/0000310764-23-000106-index.htm",
    "finalLink": "https://www.sec.gov/Archives/edgar/data/310764/000031076423000106/syk-20230630.htm"
  },
  {
    "date": "2023-03-31",
    "symbol": "SYK",
    "reportedCurrency": "USD",
    "cik": "0000310764",
    "fillingDate": "2023-05-02",
    "acceptedDate": "2023-05-02 14:07:18",
    "calendarYear": "2023",
    "period": "Q1",
    "revenue": 4778000000,
    "costOfRevenue": 1762000000,
    "grossProfit": 3016000000,
    "grossProfitRatio": 0.6312264546,
    "researchAndDevelopmentExpenses": 339000000,
    "generalAndAdministrativeExpenses": 0,
    "sellingAndMarketingExpenses": 0,
    "sellingGeneralAndAdministrativeExpenses": 1781000000,
    "otherExpenses": 161000000,
    "operatingExpenses": 2281000000,
    "costAndExpenses": 4043000000,
    "interestIncome": 0,
    "interestExpense": 0,
    "depreciationAndAmortization": 257000000,
    "ebitda": 992000000,
    "ebitdaratio": 0.2076182503,
    "operatingIncome": 735000000,
    "operatingIncomeRatio": 0.1538300544,
    "totalOtherIncomeExpensesNet": -56000000,
    "incomeBeforeTax": 679000000,
    "incomeBeforeTaxRatio": 0.1421096693,
    "incomeTaxExpense": 87000000,
    "netIncome": 592000000,
    "netIncomeRatio": 0.1239012139,
    "eps": 1.56,
    "epsdiluted": 1.54,
    "weightedAverageShsOut": 379000000,
    "weightedAverageShsOutDil": 383200000,
    "link": "https://www.sec.gov/Archives/edgar/data/310764/000031076423000067/0000310764-23-000067-index.htm",
    "finalLink": "https://www.sec.gov/Archives/edgar/data/310764/000031076423000067/syk-20230331.htm"
  },
  {
    "date": "2022-12-31",
    "symbol": "SYK",
    "reportedCurrency": "USD",
    "cik": "0000310764",
    "fillingDate": "2023-02-10",
    "acceptedDate": "2023-02-10 16:18:01",
    "calendarYear": "2022",
    "period": "Q4",
    "revenue": 5202000000,
    "costOfRevenue": 1966000000,
    "grossProfit": 3236000000,
    "grossProfitRatio": 0.6220684352,
    "researchAndDevelopmentExpenses": 326000000,
    "generalAndAdministrativeExpenses": 0,
    "sellingAndMarketingExpenses": 0,
    "sellingGeneralAndAdministrativeExpenses": 1751000000,
    "otherExpenses": 158000000,
    "operatingExpenses": 2235000000,
    "costAndExpenses": 4201000000,
    "interestIncome": 33000000,
    "interestExpense": 53000000,
    "depreciationAndAmortization": 253000000,
    "ebitda": 1420000000,
    "ebitdaratio": 0.2729719339,
    "operatingIncome": 1188000000,
    "operatingIncomeRatio": 0.2283737024,
    "totalOtherIncomeExpensesNet": -53000000,
    "incomeBeforeTax": 761000000,
    "incomeBeforeTaxRatio": 0.1462898885,
    "incomeTaxExpense": 198000000,
    "netIncome": 563000000,
    "netIncomeRatio": 0.1082276048,
    "eps": 1.49,
    "epsdiluted": 1.47,
    "weightedAverageShsOut": 378500000,
    "weightedAverageShsOutDil": 382300000,
    "link": "https://www.sec.gov/Archives/edgar/data/310764/000031076423000017/0000310764-23-000017-index.htm",
    "finalLink": "https://www.sec.gov/Archives/edgar/data/310764/000031076423000017/syk-20221231.htm"
  },
  {
    "date": "2022-09-30",
    "symbol": "SYK",
    "reportedCurrency": "USD",
    "cik": "0000310764",
    "fillingDate": "2022-11-01",
    "acceptedDate": "2022-11-01 14:28:18",
    "calendarYear": "2022",
    "period": "Q3",
    "revenue": 4479000000,
    "costOfRevenue": 1697000000,
    "grossProfit": 2782000000,
    "grossProfitRatio": 0.6211207859,
    "researchAndDevelopmentExpenses": 364000000,
    "generalAndAdministrativeExpenses": 0,
    "sellingAndMarketingExpenses": 0,
    "sellingGeneralAndAdministrativeExpenses": 1455000000,
    "otherExpenses": 159000000,
    "operatingExpenses": 1978000000,
    "costAndExpenses": 3675000000,
    "interestIncome": 26000000,
    "interestExpense": 0,
    "depreciationAndAmortization": 250000000,
    "ebitda": 1031000000,
    "ebitdaratio": 0.2301853092,
    "operatingIncome": 808000000,
    "operatingIncomeRatio": 0.1803974101,
    "totalOtherIncomeExpensesNet": 8000000,
    "incomeBeforeTax": 816000000,
    "incomeBeforeTaxRatio": 0.1821835231,
    "incomeTaxExpense": -8000000,
    "netIncome": 816000000,
    "netIncomeRatio": 0.1821835231,
    "eps": 2.16,
    "epsdiluted": 2.14,
    "weightedAverageShsOut": 378400000,
    "weightedAverageShsOutDil": 381800000,
    "link": "https://www.sec.gov/Archives/edgar/data/310764/000031076422000105/0000310764-22-000105-index.htm",
    "finalLink": "https://www.sec.gov/Archives/edgar/data/310764/000031076422000105/syk-20220930.htm"
  },
  {
    "date": "2022-06-30",
    "symbol": "SYK",
    "reportedCurrency": "USD",
    "cik": "0000310764",
    "fillingDate": "2022-07-27",
    "acceptedDate": "2022-07-27 13:17:34",
    "calendarYear": "2022",
    "period": "Q2",
    "revenue": 4493000000,
    "costOfRevenue": 1667000000,
    "grossProfit": 2826000000,
    "grossProfitRatio": 0.6289784109,
    "researchAndDevelopmentExpenses": 351000000,
    "generalAndAdministrativeExpenses": 0,
    "sellingAndMarketingExpenses": 0,
    "sellingGeneralAndAdministrativeExpenses": 1539000000,
    "otherExpenses": 160000000,
    "operatingExpenses": 2050000000,
    "costAndExpenses": 3717000000,
    "interestIncome": 0,
    "interestExpense": 52000000,
    "depreciationAndAmortization": 253000000,
    "ebitda": 1126000000,
    "ebitdaratio": 0.2506120632,
    "operatingIncome": 772000000,
    "operatingIncomeRatio": 0.1718228355,
    "totalOtherIncomeExpensesNet": -52000000,
    "incomeBeforeTax": 720000000,
    "incomeBeforeTaxRatio": 0.1602492767,
    "incomeTaxExpense": 64000000,
    "netIncome": 656000000,
    "netIncomeRatio": 0.1460048965,
    "eps": 1.73,
    "epsdiluted": 1.72,
    "weightedAverageShsOut": 378300000,
    "weightedAverageShsOutDil": 382200000,
    "link": "https://www.sec.gov/Archives/edgar/data/310764/000031076422000092/0000310764-22-000092-index.htm",
    "finalLink": "https://www.sec.gov/Archives/edgar/data/310764/000031076422000092/syk-20220630.htm"
  },
  {
    "date": "2022-03-31",
    "symbol": "SYK",
    "reportedCurrency": "USD",
    "cik": "0000310764",
    "fillingDate": "2022-04-29",
    "acceptedDate": "2022-04-29 10:48:04",
    "calendarYear": "2022",
    "period": "Q1",
    "revenue": 4275000000,
    "costOfRevenue": 1541000000,
    "grossProfit": 2734000000,
    "grossProfitRatio": 0.6395321637,
    "researchAndDevelopmentExpenses": 413000000,
    "generalAndAdministrativeExpenses": 0,
    "sellingAndMarketingExpenses": 0,
    "sellingGeneralAndAdministrativeExpenses": 1710000000,
    "otherExpenses": 150000000,
    "operatingExpenses": 2273000000,
    "costAndExpenses": 3814000000,
    "interestIncome": 0,
    "interestExpense": 61000000,
    "depreciationAndAmortization": 242000000,
    "ebitda": 927000000,
    "ebitdaratio": 0.2168421053,
    "operatingIncome": 447000000,
    "operatingIncomeRatio": 0.1045614035,
    "totalOtherIncomeExpensesNet": -61000000,
    "incomeBeforeTax": 386000000,
    "incomeBeforeTaxRatio": 0.0902923977,
    "incomeTaxExpense": 63000000,
    "netIncome": 323000000,
    "netIncomeRatio": 0.0755555556,
    "eps": 0.86,
    "epsdiluted": 0.84,
    "weightedAverageShsOut": 377700000,
    "weightedAverageShsOutDil": 382700000,
    "link": "https://www.sec.gov/Archives/edgar/data/310764/000031076422000062/0000310764-22-000062-index.htm",
    "finalLink": "https://www.sec.gov/Archives/edgar/data/310764/000031076422000062/syk-20220331.htm"
  },
  {
    "date": "2021-12-31",
    "symbol": "SYK",
    "reportedCurrency": "USD",
    "cik": "0000310764",
    "fillingDate": "2022-02-11",
    "acceptedDate": "2022-02-11 13:02:17",
    "calendarYear": "2021",
    "period": "Q4",
    "revenue": 4701000000,
    "costOfRevenue": 1656000000,
    "grossProfit": 3045000000,
    "grossProfitRatio": 0.6477345246,
    "researchAndDevelopmentExpenses": 331000000,
    "generalAndAdministrativeExpenses": 0,
    "sellingAndMarketingExpenses": 0,
    "sellingGeneralAndAdministrativeExpenses": 1745000000,
    "otherExpenses": -62000000,
    "operatingExpenses": 2221000000,
    "costAndExpenses": 3877000000,
    "interestIncome": 0,
    "interestExpense": 0,
    "depreciationAndAmortization": 238000000,
    "ebitda": 1338000000,
    "ebitdaratio": 0.2846202936,
    "operatingIncome": 819000000,
    "operatingIncomeRatio": 0.1742182514,
    "totalOtherIncomeExpensesNet": -62000000,
    "incomeBeforeTax": 757000000,
    "incomeBeforeTaxRatio": 0.1610295682,
    "incomeTaxExpense": 95000000,
    "netIncome": 662000000,
    "netIncomeRatio": 0.1408211019,
    "eps": 1.75,
    "epsdiluted": 1.73,
    "weightedAverageShsOut": 377300000,
    "weightedAverageShsOutDil": 382700000,
    "link": "https://www.sec.gov/Archives/edgar/data/310764/000031076422000028/0000310764-22-000028-index.htm",
    "finalLink": "https://www.sec.gov/Archives/edgar/data/310764/000031076422000028/syk-20211231.htm"
  },
  {
    "date": "2021-09-30",
    "symbol": "SYK",
    "reportedCurrency": "USD",
    "cik": "0000310764",
    "fillingDate": "2021-10-29",
    "acceptedDate": "2021-10-29 10:58:06",
    "calendarYear": "2021",
    "period": "Q3",
    "revenue": 4160000000,
    "costOfRevenue": 1518000000,
    "grossProfit": 2642000000,
    "grossProfitRatio": 0.6350961538,
    "researchAndDevelopmentExpenses": 306000000,
    "generalAndAdministrativeExpenses": 0,
    "sellingAndMarketingExpenses": 0,
    "sellingGeneralAndAdministrativeExpenses": 1602000000,
    "otherExpenses": -79000000,
    "operatingExpenses": 2052000000,
    "costAndExpenses": 3570000000,
    "interestIncome": 0,
    "interestExpense": 0,
    "depreciationAndAmortization": 235000000,
    "ebitda": 1125000000,
    "ebitdaratio": 0.2704326923,
    "operatingIncome": 574000000,
    "operatingIncomeRatio": 0.1379807692,
    "totalOtherIncomeExpensesNet": -79000000,
    "incomeBeforeTax": 495000000,
    "incomeBeforeTaxRatio": 0.1189903846,
    "incomeTaxExpense": 57000000,
    "netIncome": 438000000,
    "netIncomeRatio": 0.1052884615,
    "eps": 1.17,
    "epsdiluted": 1.14,
    "weightedAverageShsOut": 377100000,
    "weightedAverageShsOutDil": 382700000,
    "link": "https://www.sec.gov/Archives/edgar/data/310764/000031076421000146/0000310764-21-000146-index.htm",
    "finalLink": "https://www.sec.gov/Archives/edgar/data/310764/000031076421000146/syk-20210930.htm"
  },
  {
    "date": "2021-06-30",
    "symbol": "SYK",
    "reportedCurrency": "USD",
    "cik": "0000310764",
    "fillingDate": "2021-07-28",
    "acceptedDate": "2021-07-28 14:16:09",
    "calendarYear": "2021",
    "period": "Q2",
    "revenue": 4294000000,
    "costOfRevenue": 1522000000,
    "grossProfit": 2772000000,
    "grossProfitRatio": 0.6455519329,
    "researchAndDevelopmentExpenses": 310000000,
    "generalAndAdministrativeExpenses": 0,
    "sellingAndMarketingExpenses": 0,
    "sellingGeneralAndAdministrativeExpenses": 1505000000,
    "otherExpenses": -70000000,
    "operatingExpenses": 1964000000,
    "costAndExpenses": 3486000000,
    "interestIncome": 0,
    "interestExpense": 0,
    "depreciationAndAmortization": 241000000,
    "ebitda": 1183000000,
    "ebitdaratio": 0.2755006986,
    "operatingIncome": 732000000,
    "operatingIncomeRatio": 0.1704704238,
    "totalOtherIncomeExpensesNet": -70000000,
    "incomeBeforeTax": 662000000,
    "incomeBeforeTaxRatio": 0.1541686074,
    "incomeTaxExpense": 70000000,
    "netIncome": 592000000,
    "netIncomeRatio": 0.1378667909,
    "eps": 1.57,
    "epsdiluted": 1.55,
    "weightedAverageShsOut": 376900000,
    "weightedAverageShsOutDil": 382300000,
    "link": "https://www.sec.gov/Archives/edgar/data/310764/000031076421000111/0000310764-21-000111-index.htm",
    "finalLink": "https://www.sec.gov/Archives/edgar/data/310764/000031076421000111/syk-20210630.htm"
  },
  {
    "date": "2021-03-31",
    "symbol": "SYK",
    "reportedCurrency": "USD",
    "cik": "0000310764",
    "fillingDate": "2021-04-28",
    "acceptedDate": "2021-04-28 12:42:05",
    "calendarYear": "2021",
    "period": "Q1",
    "revenue": 3953000000,
    "costOfRevenue": 1444000000,
    "grossProfit": 2509000000,
    "grossProfitRatio": 0.6347078168,
    "researchAndDevelopmentExpenses": 288000000,
    "generalAndAdministrativeExpenses": 0,
    "sellingAndMarketingExpenses": 0,
    "sellingGeneralAndAdministrativeExpenses": 1575000000,
    "otherExpenses": -92000000,
    "operatingExpenses": 2044000000,
    "costAndExpenses": 3488000000,
    "interestIncome": 0,
    "interestExpense": 0,
    "depreciationAndAmortization": 276000000,
    "ebitda": 999000000,
    "ebitdaratio": 0.2527194536,
    "operatingIncome": 459000000,
    "operatingIncomeRatio": 0.1161143435,
    "totalOtherIncomeExpensesNet": -92000000,
    "incomeBeforeTax": 367000000,
    "incomeBeforeTaxRatio": 0.0928408803,
    "incomeTaxExpense": 65000000,
    "netIncome": 302000000,
    "netIncomeRatio": 0.0763976727,
    "eps": 0.8,
    "epsdiluted": 0.79,
    "weightedAverageShsOut": 376300000,
    "weightedAverageShsOutDil": 381700000,
    "link": "https://www.sec.gov/Archives/edgar/data/310764/000031076421000065/0000310764-21-000065-index.htm",
    "finalLink": "https://www.sec.gov/Archives/edgar/data/310764/000031076421000065/syk-20210331.htm"
  },
  {
    "date": "2020-12-31",
    "symbol": "SYK",
    "reportedCurrency": "USD",
    "cik": "0000310764",
    "fillingDate": "2021-02-11",
    "acceptedDate": "2021-02-11 11:17:32",
    "calendarYear": "2020",
    "period": "Q4",
    "revenue": 4262000000,
    "costOfRevenue": 1545000000,
    "grossProfit": 2717000000,
    "grossProfitRatio": 0.6374941342,
    "researchAndDevelopmentExpenses": 255000000,
    "generalAndAdministrativeExpenses": 0,
    "sellingAndMarketingExpenses": 0,
    "sellingGeneralAndAdministrativeExpenses": 1562000000,
    "otherExpenses": -78000000,
    "operatingExpenses": 1947000000,
    "costAndExpenses": 3492000000,
    "interestIncome": 0,
    "interestExpense": 0,
    "depreciationAndAmortization": 223000000,
    "ebitda": 1327000000,
    "ebitdaratio": 0.3113561708,
    "operatingIncome": 749000000,
    "operatingIncomeRatio": 0.1757390896,
    "totalOtherIncomeExpensesNet": -78000000,
    "incomeBeforeTax": 671000000,
    "incomeBeforeTaxRatio": 0.1574378226,
    "incomeTaxExpense": 103000000,
    "netIncome": 568000000,
    "netIncomeRatio": 0.1332707649,
    "eps": 1.51,
    "epsdiluted": 1.49,
    "weightedAverageShsOut": 375900000,
    "weightedAverageShsOutDil": 381300000,
    "link": "https://www.sec.gov/Archives/edgar/data/310764/000031076421000027/0000310764-21-000027-index.htm",
    "finalLink": "https://www.sec.gov/Archives/edgar/data/310764/000031076421000027/syk-20201231.htm"
  },
  {
    "date": "2020-09-30",
    "symbol": "SYK",
    "reportedCurrency": "USD",
    "cik": "0000310764",
    "fillingDate": "2020-10-30",
    "acceptedDate": "2020-10-30 12:48:45",
    "calendarYear": "2020",
    "period": "Q3",
    "revenue": 3737000000,
    "costOfRevenue": 1276000000,
    "grossProfit": 2461000000,
    "grossProfitRatio": 0.6585496387,
    "researchAndDevelopmentExpenses": 242000000,
    "generalAndAdministrativeExpenses": 0,
    "sellingAndMarketingExpenses": 0,
    "sellingGeneralAndAdministrativeExpenses": 1244000000,
    "otherExpenses": -79000000,
    "operatingExpenses": 1600000000,
    "costAndExpenses": 2876000000,
    "interestIncome": 0,
    "interestExpense": 0,
    "depreciationAndAmortization": 198000000,
    "ebitda": 1115000000,
    "ebitdaratio": 0.2983676746,
    "operatingIncome": 859000000,
    "operatingIncomeRatio": 0.2298635269,
    "totalOtherIncomeExpensesNet": -79000000,
    "incomeBeforeTax": 780000000,
    "incomeBeforeTaxRatio": 0.2087235751,
    "incomeTaxExpense": 159000000,
    "netIncome": 621000000,
    "netIncomeRatio": 0.1661760771,
    "eps": 1.66,
    "epsdiluted": 1.63,
    "weightedAverageShsOut": 375700000,
    "weightedAverageShsOutDil": 380200000,
    "link": "https://www.sec.gov/Archives/edgar/data/310764/000031076420000150/0000310764-20-000150-index.htm",
    "finalLink": "https://www.sec.gov/Archives/edgar/data/310764/000031076420000150/syk-20200930.htm"
  },
  {
    "date": "2020-06-30",
    "symbol": "SYK",
    "reportedCurrency": "USD",
    "cik": "0000310764",
    "fillingDate": "2020-07-31",
    "acceptedDate": "2020-07-31 12:55:46",
    "calendarYear": "2020",
    "period": "Q2",
    "revenue": 2764000000,
    "costOfRevenue": 1216000000,
    "grossProfit": 1548000000,
    "grossProfitRatio": 0.5600578871,
    "researchAndDevelopmentExpenses": 233000000,
    "generalAndAdministrativeExpenses": 1225000000,
    "sellingAndMarketingExpenses": 0,
    "sellingGeneralAndAdministrativeExpenses": 1225000000,
    "otherExpenses": -67000000,
    "operatingExpenses": 1568000000,
    "costAndExpenses": 2784000000,
    "interestIncome": 0,
    "interestExpense": 0,
    "depreciationAndAmortization": 193000000,
    "ebitda": 173000000,
    "ebitdaratio": 0.0625904486,
    "operatingIncome": -20000000,
    "operatingIncomeRatio": -0.00723589,
    "totalOtherIncomeExpensesNet": -67000000,
    "incomeBeforeTax": -87000000,
    "incomeBeforeTaxRatio": -0.0314761216,
    "incomeTaxExpense": -4000000,
    "netIncome": -83000000,
    "netIncomeRatio": -0.0300289436,
    "eps": -0.22,
    "epsdiluted": -0.22,
    "weightedAverageShsOut": 375500000,
    "weightedAverageShsOutDil": 375500000,
    "link": "https://www.sec.gov/Archives/edgar/data/310764/000031076420000125/0000310764-20-000125-index.htm",
    "finalLink": "https://www.sec.gov/Archives/edgar/data/310764/000031076420000125/syk10q6302020.htm"
  },
  {
    "date": "2020-03-31",
    "symbol": "SYK",
    "reportedCurrency": "USD",
    "cik": "0000310764",
    "fillingDate": "2020-05-01",
    "acceptedDate": "2020-05-01 16:49:10",
    "calendarYear": "2020",
    "period": "Q1",
    "revenue": 3588000000,
    "costOfRevenue": 1257000000,
    "grossProfit": 2331000000,
    "grossProfitRatio": 0.6496655518,
    "researchAndDevelopmentExpenses": 254000000,
    "generalAndAdministrativeExpenses": 1330000000,
    "sellingAndMarketingExpenses": 0,
    "sellingGeneralAndAdministrativeExpenses": 1330000000,
    "otherExpenses": -45000000,
    "operatingExpenses": 1702000000,
    "costAndExpenses": 2959000000,
    "interestIncome": 0,
    "interestExpense": 0,
    "depreciationAndAmortization": 198000000,
    "ebitda": 914000000,
    "ebitdaratio": 0.2547380156,
    "operatingIncome": 635000000,
    "operatingIncomeRatio": 0.1769788183,
    "totalOtherIncomeExpensesNet": -45000000,
    "incomeBeforeTax": 590000000,
    "incomeBeforeTaxRatio": 0.1644370123,
    "incomeTaxExpense": 97000000,
    "netIncome": 493000000,
    "netIncomeRatio": 0.1374024526,
    "eps": 1.32,
    "epsdiluted": 1.3,
    "weightedAverageShsOut": 374800000,
    "weightedAverageShsOutDil": 379700000,
    "link": "https://www.sec.gov/Archives/edgar/data/310764/000031076420000069/0000310764-20-000069-index.htm",
    "finalLink": "https://www.sec.gov/Archives/edgar/data/310764/000031076420000069/syk10q3312020.htm"
  }
]