[
  {
    "date": "2024-12-31",
    "symbol": "SYK",
    "reportedCurrency": "USD",
    "cik": "0000310764",
    "fillingDate": "2025-02-12",
    "acceptedDate": "2025-02-12 11:47:17",
    "calendarYear": "2024",
    "period": "FY",
    "revenue": 22595000000,
    "costOfRevenue": 8155000000,
    "grossProfit": 14440000000,
    "grossProfitRatio": 0.6390794424,
    "researchAndDevelopmentExpenses": 1466000000,
    "generalAndAdministrativeExpenses": 0,
    "sellingAndMarketingExpenses": 0,
    "sellingGeneralAndAdministrativeExpenses": 7685000000,
    "otherExpenses": 1600000000,
    "operatingExpenses": 10751000000,
    "costAndExpenses": 18906000000,
    "interestIncome": 0,
    "interestExpense": 0,
    "depreciationAndAmortization": 1050000000,
    "ebitda": 5716000000,
    "ebitdaratio": 0.2529763222,
    "operatingIncome": 3689000000,
    "operatingIncomeRatio": 0.1632662093,
    "totalOtherIncomeExpensesNet": -197000000,
    "incomeBeforeTax": 3492000000,
    "incomeBeforeTaxRatio": 0.1545474663,
    "incomeTaxExpense": 499000000,
    "netIncome": 2993000000,
    "netIncomeRatio": 0.1324629343,
    "eps": 7.86,
    "epsdiluted": 7.76,
    "weightedAverageShsOut": 381000000,
    "weightedAverageShsOutDil": 385600000,
    "link": "https://www.sec.gov/Archives/edgar/data/310764/000031076425000023/0000310764-25-000023-index.htm",
    "finalLink": "https://www.sec.gov/Archives/edgar/data/310764/000031076425000023/syk-20241231.htm"
  },
  {
    "date": "2023-12-31",
    "symbol": "SYK",
    "reportedCurrency": "USD",
    "cik": "0000310764",
    "fillingDate": "2024-02-14",
    "acceptedDate": "2024-02-14 10:55:50",
    "calendarYear": "2023",
    "period": "FY",
    "revenue": 20498000000,
    "costOfRevenue": 7401000000,
    "grossProfit": 13097000000,
    "grossProfitRatio": 0.6389403844,
    "researchAndDevelopmentExpenses": 1388000000,
    "generalAndAdministrativeExpenses": 0,
    "sellingAndMarketingExpenses": 0,
    "sellingGeneralAndAdministrativeExpenses": 6920000000,
    "otherExpenses": 901000000,
    "operatingExpenses": 9209000000,
    "costAndExpenses": 16610000000,
    "interestIncome": 75000000,
    "interestExpense": 356000000,
    "depreciationAndAmortization": 1028000000,
    "ebitda": 4934000000,
    "ebitdaratio": 0.2407064104,
    "operatingIncome": 3888000000,
    "operatingIncomeRatio": 0.1896770417,
    "totalOtherIncomeExpensesNet": -215000000,
    "incomeBeforeTax": 3673000000,
    "incomeBeforeTaxRatio": 0.1791882135,
    "incomeTaxExpense": 508000000,
    "netIncome": 3165000000,
    "netIncomeRatio": 0.1544053078,
    "eps": 8.34,
    "epsdiluted": 8.25,
    "weightedAverageShsOut": 379600000,
    "weightedAverageShsOutDil": 383700000,
    "link": "https://www.sec.gov/Archives/edgar/data/310764/000031076424000024/0000310764-24-000024-index.htm",
    "finalLink": "https://www.sec.gov/Archives/edgar/data/310764/000031076424000024/syk-20231231.htm"
  },
  {
    "date": "2022-12-31",
    "symbol": "SYK",
    "reportedCurrency": "USD",
    "cik": "0000310764",
    "fillingDate": "2023-02-10",
    "acceptedDate": "2023-02-10 16:18:01",
    "calendarYear": "2022",
    "period": "FY",
    "revenue": 18449000000,
    "costOfRevenue": 6871000000,
    "grossProfit": 11578000000,
    "grossProfitRatio": 0.6275678899,
    "researchAndDevelopmentExpenses": 1454000000,
    "generalAndAdministrativeExpenses": 0,
    "sellingAndMarketingExpenses": 0,
    "sellingGeneralAndAdministrativeExpenses": 6455000000,
    "otherExpenses": 627000000,
    "operatingExpenses": 8536000000,
    "costAndExpenses": 15407000000,
    "interestIncome": 94000000,
    "interestExpense": 158000000,
    "depreciationAndAmortization": 998000000,
    "ebitda": 4536000000,
    "ebitdaratio": 0.2458669847,
    "operatingIncome": 2841000000,
    "operatingIncomeRatio": 0.1539920863,
    "totalOtherIncomeExpensesNet": -158000000,
    "incomeBeforeTax": 2683000000,
    "incomeBeforeTaxRatio": 0.1454279365,
    "incomeTaxExpense": 325000000,
    "netIncome": 2358000000,
    "netIncomeRatio": 0.1278118055,
    "eps": 6.23,
    "epsdiluted": 6.17,
    "weightedAverageShsOut": 378200000,
    "weightedAverageShsOutDil": 382200000,
    "link": "https://www.sec.gov/Archives/edgar/data/310764/000031076423000017/0000310764-23-000017-index.htm",
    "finalLink": "https://www.sec.gov/Archives/edgar/data/310764/000031076423000017/syk-20221231.htm"
  },
  {
    "date": "2021-12-31",
    "symbol": "SYK",
    "reportedCurrency": "USD",
    "cik": "0000310764",
    "fillingDate": "2022-02-11",
    "acceptedDate": "2022-02-11 13:02:17",
    "calendarYear": "2021",
    "period": "FY",
    "revenue": 17108000000,
    "costOfRevenue": 6140000000,
    "grossProfit": 10968000000,
    "grossProfitRatio": 0.6411035773,
    "researchAndDevelopmentExpenses": 1235000000,
    "generalAndAdministrativeExpenses": 0,
    "sellingAndMarketingExpenses": 0,
    "sellingGeneralAndAdministrativeExpenses": 6427000000,
    "otherExpenses": 619000000,
    "operatingExpenses": 8281000000,
    "costAndExpenses": 14421000000,
    "interestIncome": 68000000,
    "interestExpense": 337000000,
    "depreciationAndAmortization": 990000000,
    "ebitda": 4646000000,
    "ebitdaratio": 0.2715688567,
    "operatingIncome": 2584000000,
    "operatingIncomeRatio": 0.1510404489,
    "totalOtherIncomeExpensesNet": -303000000,
    "incomeBeforeTax": 2281000000,
    "incomeBeforeTaxRatio": 0.1333294365,
    "incomeTaxExpense": 287000000,
    "netIncome": 1994000000,
    "netIncomeRatio": 0.1165536591,
    "eps": 5.29,
    "epsdiluted": 5.22,
    "weightedAverageShsOut": 377000000,
    "weightedAverageShsOutDil": 382300000,
    "link": "https://www.sec.gov/Archives/edgar/data/310764/000031076422000028/0000310764-22-000028-index.htm",
    "finalLink": "https://www.sec.gov/Archives/edgar/data/310764/000031076422000028/syk-20211231.htm"
  },
  {
    "date": "2020-12-31",
    "symbol": "SYK",
    "reportedCurrency": "USD",
    "cik": "0000310764",
    "fillingDate": "2021-02-11",
    "acceptedDate": "2021-02-11 11:17:32",
    "calendarYear": "2020",
    "period": "FY",
    "revenue": 14351000000,
    "costOfRevenue": 5294000000,
    "grossProfit": 9057000000,
    "grossProfitRatio": 0.6311058463,
    "researchAndDevelopmentExpenses": 984000000,
    "generalAndAdministrativeExpenses": 0,
    "sellingAndMarketingExpenses": 0,
    "sellingGeneralAndAdministrativeExpenses": 5361000000,
    "otherExpenses": 472000000,
    "operatingExpenses": 6817000000,
    "costAndExpenses": 12111000000,
    "interestIncome": 102000000,
    "interestExpense": 315000000,
    "depreciationAndAmortization": 812000000,
    "ebitda": 3755000000,
    "ebitdaratio": 0.2616542401,
    "operatingIncome": 2223000000,
    "operatingIncomeRatio": 0.1549020974,
    "totalOtherIncomeExpensesNet": -269000000,
    "incomeBeforeTax": 1954000000,
    "incomeBeforeTaxRatio": 0.136157759,
    "incomeTaxExpense": 355000000,
    "netIncome": 1599000000,
    "netIncomeRatio": 0.1114208069,
    "eps": 4.26,
    "epsdiluted": 4.2,
    "weightedAverageShsOut": 375500000,
    "weightedAverageShsOutDil": 380300000,
    "link": "https://www.sec.gov/Archives/edgar/data/310764/000031076421000027/0000310764-21-000027-index.htm",
    "finalLink": "https://www.sec.gov/Archives/edgar/data/310764/000031076421000027/syk-20201231.htm"
  },
  {
    "date": "2019-12-31",
    "symbol": "SYK",
    "reportedCurrency": "USD",
    "cik": "0000310764",
    "fillingDate": "2020-02-06",
    "acceptedDate": "2020-02-06 10:12:26",
    "calendarYear": "2019",
    "period": "FY",
    "revenue": 14884000000,
    "costOfRevenue": 5188000000,
    "grossProfit": 9696000000,
    "grossProfitRatio": 0.6514377855,
    "researchAndDevelopmentExpenses": 971000000,
    "generalAndAdministrativeExpenses": 0,
    "sellingAndMarketingExpenses": 0,
    "sellingGeneralAndAdministrativeExpenses": 5356000000,
    "otherExpenses": 464000000,
    "operatingExpenses": 6791000000,
    "costAndExpenses": 11979000000,
    "interestIncome": 155000000,
    "interestExpense": 287000000,
    "depreciationAndAmortization": 778000000,
    "ebitda": 4176000000,
    "ebitdaratio": 0.2805697393,
    "operatingIncome": 2713000000,
    "operatingIncomeRatio": 0.1822762698,
    "totalOtherIncomeExpensesNet": -151000000,
    "incomeBeforeTax": 2562000000,
    "incomeBeforeTaxRatio": 0.1721311475,
    "incomeTaxExpense": 479000000,
    "netIncome": 2083000000,
    "netIncomeRatio": 0.1399489385,
    "eps": 5.57,
    "epsdiluted": 5.48,
    "weightedAverageShsOut": 374000000,
    "weightedAverageShsOutDil": 379900000,
    "link": "https://www.sec.gov/Archives/edgar/data/310764/000031076420000014/0000310764-20-000014-index.htm",
    "finalLink": "https://www.sec.gov/Archives/edgar/data/310764/000031076420000014/syk10k12312019.htm"
  },
  {
    "date": "2018-12-31",
    "symbol": "SYK",
    "reportedCurrency": "USD",
    "cik": "0000310764",
    "fillingDate": "2019-02-07",
    "acceptedDate": "2019-02-07 09:31:07",
    "calendarYear": "2018",
    "period": "FY",
    "revenue": 13601000000,
    "costOfRevenue": 4663000000,
    "grossProfit": 8938000000,
    "grossProfitRatio": 0.6571575619,
    "researchAndDevelopmentExpenses": 862000000,
    "generalAndAdministrativeExpenses": 5099000000,
    "sellingAndMarketingExpenses": 0,
    "sellingGeneralAndAdministrativeExpenses": 5099000000,
    "otherExpenses": -181000000,
    "operatingExpenses": 6378000000,
    "costAndExpenses": 11041000000,
    "interestIncome": 0,
    "interestExpense": 0,
    "depreciationAndAmortization": 723000000,
    "ebitda": 3617000000,
    "ebitdaratio": 0.2659363282,
    "operatingIncome": 2537000000,
    "operatingIncomeRatio": 0.1865304022,
    "totalOtherIncomeExpensesNet": -181000000,
    "incomeBeforeTax": 2356000000,
    "incomeBeforeTaxRatio": 0.1732225572,
    "incomeTaxExpense": -1197000000,
    "netIncome": 3553000000,
    "netIncomeRatio": 0.2612307919,
    "eps": 9.5,
    "epsdiluted": 9.34,
    "weightedAverageShsOut": 374100000,
    "weightedAverageShsOutDil": 380300000,
    "link": "https://www.sec.gov/Archives/edgar/data/310764/000031076419000014/0000310764-19-000014-index.htm",
    "finalLink": "https://www.sec.gov/Archives/edgar/data/310764/000031076419000014/syk10k123118.htm"
  },
  {
    "date": "2017-12-31",
    "symbol": "SYK",
    "reportedCurrency": "USD",
    "cik": "0000310764",
    "fillingDate": "2018-02-08",
    "acceptedDate": "2018-02-08 16:54:05",
    "calendarYear": "2017",
    "period": "FY",
    "revenue": 12444000000,
    "costOfRevenue": 4271000000,
    "grossProfit": 8173000000,
    "grossProfitRatio": 0.6567823851,
    "researchAndDevelopmentExpenses": 787000000,
    "generalAndAdministrativeExpenses": 4552000000,
    "sellingAndMarketingExpenses": 0,
    "sellingGeneralAndAdministrativeExpenses": 4552000000,
    "otherExpenses": -227000000,
    "operatingExpenses": 5710000000,
    "costAndExpenses": 9981000000,
    "interestIncome": 0,
    "interestExpense": 0,
    "depreciationAndAmortization": 642000000,
    "ebitda": 3363000000,
    "ebitdaratio": 0.2702507232,
    "operatingIncome": 2290000000,
    "operatingIncomeRatio": 0.1840244294,
    "totalOtherIncomeExpensesNet": -234000000,
    "incomeBeforeTax": 2063000000,
    "incomeBeforeTaxRatio": 0.1657827065,
    "incomeTaxExpense": 1043000000,
    "netIncome": 1020000000,
    "netIncomeRatio": 0.0819672131,
    "eps": 2.73,
    "epsdiluted": 2.68,
    "weightedAverageShsOut": 374000000,
    "weightedAverageShsOutDil": 380100000,
    "link": "https://www.sec.gov/Archives/edgar/data/310764/000031076418000031/0000310764-18-000031-index.htm",
    "finalLink": "https://www.sec.gov/Archives/edgar/data/310764/000031076418000031/syk10k123117.htm"
  },
  {
    "date": "2016-12-31",
    "symbol": "SYK",
    "reportedCurrency": "USD",
    "cik": "0000310764",
    "fillingDate": "2017-02-09",
    "acceptedDate": "2017-02-09 16:56:14",
    "calendarYear": "2016",
    "period": "FY",
    "revenue": 11325000000,
    "costOfRevenue": 3830000000,
    "grossProfit": 7495000000,
    "grossProfitRatio": 0.6618101545,
    "researchAndDevelopmentExpenses": 715000000,
    "generalAndAdministrativeExpenses": 4137000000,
    "sellingAndMarketingExpenses": 0,
    "sellingGeneralAndAdministrativeExpenses": 4137000000,
    "otherExpenses": -245000000,
    "operatingExpenses": 5171000000,
    "costAndExpenses": 9001000000,
    "interestIncome": 0,
    "interestExpense": 0,
    "depreciationAndAmortization": 546000000,
    "ebitda": 3126000000,
    "ebitdaratio": 0.2760264901,
    "operatingIncome": 2166000000,
    "operatingIncomeRatio": 0.1912582781,
    "totalOtherIncomeExpensesNet": -254000000,
    "incomeBeforeTax": 1921000000,
    "incomeBeforeTaxRatio": 0.1696247241,
    "incomeTaxExpense": 274000000,
    "netIncome": 1647000000,
    "netIncomeRatio": 0.1454304636,
    "eps": 4.4,
    "epsdiluted": 4.35,
    "weightedAverageShsOut": 374100000,
    "weightedAverageShsOutDil": 378500000,
    "link": "https://www.sec.gov/Archives/edgar/data/310764/000031076417000034/0000310764-17-000034-index.htm",
    "finalLink": "https://www.sec.gov/Archives/edgar/data/310764/000031076417000034/syk10k123116.htm"
  },
  {
    "date": "2015-12-31",
    "symbol": "SYK",
    "reportedCurrency": "USD",
    "cik": "0000310764",
    "fillingDate": "2016-02-11",
    "acceptedDate": "2016-02-11 17:00:24",
    "calendarYear": "2015",
    "period": "FY",
    "revenue": 9946000000,
    "costOfRevenue": 3344000000,
    "grossProfit": 6602000000,
    "grossProfitRatio": 0.663784436,
    "researchAndDevelopmentExpenses": 625000000,
    "generalAndAdministrativeExpenses": 3610000000,
    "sellingAndMarketingExpenses": 0,
    "sellingGeneralAndAdministrativeExpenses": 3610000000,
    "otherExpenses": -126000000,
    "operatingExpenses": 4445000000,
    "costAndExpenses": 7789000000,
    "interestIncome": 0,
    "interestExpense": 0,
    "depreciationAndAmortization": 397000000,
    "ebitda": 2667000000,
    "ebitdaratio": 0.2681479992,
    "operatingIncome": 1861000000,
    "operatingIncomeRatio": 0.1871103961,
    "totalOtherIncomeExpensesNet": -126000000,
    "incomeBeforeTax": 1735000000,
    "incomeBeforeTaxRatio": 0.1744419867,
    "incomeTaxExpense": 296000000,
    "netIncome": 1439000000,
    "netIncomeRatio": 0.1446812789,
    "eps": 3.82,
    "epsdiluted": 3.78,
    "weightedAverageShsOut": 376600000,
    "weightedAverageShsOutDil": 380900000,
    "link": "https://www.sec.gov/Archives/edgar/data/310764/000031076416000226/0000310764-16-000226-index.htm",
    "finalLink": "https://www.sec.gov/Archives/edgar/data/310764/000031076416000226/syk10k12312015.htm"
  }
]