[
  {
    "date": "2024-12-31",
    "symbol": "TSLA",
    "reportedCurrency": "USD",
    "cik": "0001318605",
    "fillingDate": "2025-01-30",
    "acceptedDate": "2025-01-29 20:42:33",
    "calendarYear": "2024",
    "period": "FY",
    "revenue": 97690000000,
    "costOfRevenue": 80240000000,
    "grossProfit": 17450000000,
    "grossProfitRatio": 0.1786262668,
    "researchAndDevelopmentExpenses": 4540000000,
    "generalAndAdministrativeExpenses": 0,
    "sellingAndMarketingExpenses": 0,
    "sellingGeneralAndAdministrativeExpenses": 5150000000,
    "otherExpenses": 684000000,
    "operatingExpenses": 10374000000,
    "costAndExpenses": 90614000000,
    "interestIncome": 1569000000,
    "interestExpense": 350000000,
    "depreciationAndAmortization": 5368000000,
    "ebitda": 14708000000,
    "ebitdaratio": 0.1505578872,
    "operatingIncome": 7076000000,
    "operatingIncomeRatio": 0.0724332071,
    "totalOtherIncomeExpensesNet": 1914000000,
    "incomeBeforeTax": 8990000000,
    "incomeBeforeTaxRatio": 0.0920257959,
    "incomeTaxExpense": 1837000000,
    "netIncome": 7130000000,
    "netIncomeRatio": 0.072985976,
    "eps": 2.23,
    "epsdiluted": 2.04,
    "weightedAverageShsOut": 3213000000,
    "weightedAverageShsOutDil": 3517000000,
    "link": "https://www.sec.gov/Archives/edgar/data/1318605/000162828025003063/0001628280-25-003063-index.htm",
    "finalLink": "https://www.sec.gov/Archives/edgar/data/1318605/000162828025003063/tsla-20241231.htm"
  },
  {
    "date": "2023-12-31",
    "symbol": "TSLA",
    "reportedCurrency": "USD",
    "cik": "0001318605",
    "fillingDate": "2024-01-29",
    "acceptedDate": "2024-01-26 21:00:20",
    "calendarYear": "2023",
    "period": "FY",
    "revenue": 96773000000,
    "costOfRevenue": 79113000000,
    "grossProfit": 17660000000,
    "grossProfitRatio": 0.1824889174,
    "researchAndDevelopmentExpenses": 3969000000,
    "generalAndAdministrativeExpenses": 0,
    "sellingAndMarketingExpenses": 0,
    "sellingGeneralAndAdministrativeExpenses": 4800000000,
    "otherExpenses": 0,
    "operatingExpenses": 8769000000,
    "costAndExpenses": 87882000000,
    "interestIncome": 1066000000,
    "interestExpense": 156000000,
    "depreciationAndAmortization": 4667000000,
    "ebitda": 14796000000,
    "ebitdaratio": 0.1528938857,
    "operatingIncome": 8891000000,
    "operatingIncomeRatio": 0.0918747998,
    "totalOtherIncomeExpensesNet": 1082000000,
    "incomeBeforeTax": 9973000000,
    "incomeBeforeTaxRatio": 0.1030556044,
    "incomeTaxExpense": -5001000000,
    "netIncome": 14999000000,
    "netIncomeRatio": 0.1549915782,
    "eps": 4.73,
    "epsdiluted": 4.3,
    "weightedAverageShsOut": 3174000000,
    "weightedAverageShsOutDil": 3485000000,
    "link": "https://www.sec.gov/Archives/edgar/data/1318605/000162828024002390/0001628280-24-002390-index.htm",
    "finalLink": "https://www.sec.gov/Archives/edgar/data/1318605/000162828024002390/tsla-20231231.htm"
  },
  {
    "date": "2022-12-31",
    "symbol": "TSLA",
    "reportedCurrency": "USD",
    "cik": "0001318605",
    "fillingDate": "2023-01-31",
    "acceptedDate": "2023-01-30 21:29:15",
    "calendarYear": "2022",
    "period": "FY",
    "revenue": 81462000000,
    "costOfRevenue": 60609000000,
    "grossProfit": 20853000000,
    "grossProfitRatio": 0.2559843854,
    "researchAndDevelopmentExpenses": 3075000000,
    "generalAndAdministrativeExpenses": 0,
    "sellingAndMarketingExpenses": 0,
    "sellingGeneralAndAdministrativeExpenses": 3946000000,
    "otherExpenses": 176000000,
    "operatingExpenses": 7197000000,
    "costAndExpenses": 67806000000,
    "interestIncome": 297000000,
    "interestExpense": 191000000,
    "depreciationAndAmortization": 3747000000,
    "ebitda": 17657000000,
    "ebitdaratio": 0.2167513687,
    "operatingIncome": 13656000000,
    "operatingIncomeRatio": 0.167636444,
    "totalOtherIncomeExpensesNet": 63000000,
    "incomeBeforeTax": 13719000000,
    "incomeBeforeTaxRatio": 0.1684098107,
    "incomeTaxExpense": 1132000000,
    "netIncome": 12583000000,
    "netIncomeRatio": 0.1544646584,
    "eps": 4.02,
    "epsdiluted": 3.62,
    "weightedAverageShsOut": 3130000000,
    "weightedAverageShsOutDil": 3475000000,
    "link": "https://www.sec.gov/Archives/edgar/data/1318605/000095017023001409/0000950170-23-001409-index.htm",
    "finalLink": "https://www.sec.gov/Archives/edgar/data/1318605/000095017023001409/tsla-20221231.htm"
  },
  {
    "date": "2021-12-31",
    "symbol": "TSLA",
    "reportedCurrency": "USD",
    "cik": "0001318605",
    "fillingDate": "2022-05-02",
    "acceptedDate": "2022-04-29 18:05:17",
    "calendarYear": "2021",
    "period": "FY",
    "revenue": 53823000000,
    "costOfRevenue": 40217000000,
    "grossProfit": 13606000000,
    "grossProfitRatio": 0.2527915575,
    "researchAndDevelopmentExpenses": 2593000000,
    "generalAndAdministrativeExpenses": 0,
    "sellingAndMarketingExpenses": 0,
    "sellingGeneralAndAdministrativeExpenses": 4517000000,
    "otherExpenses": -27000000,
    "operatingExpenses": 7110000000,
    "costAndExpenses": 47327000000,
    "interestIncome": 56000000,
    "interestExpense": 371000000,
    "depreciationAndAmortization": 2911000000,
    "ebitda": 9625000000,
    "ebitdaratio": 0.1788268956,
    "operatingIncome": 6523000000,
    "operatingIncomeRatio": 0.1211935418,
    "totalOtherIncomeExpensesNet": -180000000,
    "incomeBeforeTax": 6343000000,
    "incomeBeforeTaxRatio": 0.1178492466,
    "incomeTaxExpense": 699000000,
    "netIncome": 5524000000,
    "netIncomeRatio": 0.1026327035,
    "eps": 1.87,
    "epsdiluted": 1.63,
    "weightedAverageShsOut": 2959000000,
    "weightedAverageShsOutDil": 3386000000,
    "link": "https://www.sec.gov/Archives/edgar/data/1318605/000156459022016871/0001564590-22-016871-index.htm",
    "finalLink": "https://www.sec.gov/Archives/edgar/data/1318605/000156459022016871/tsla-10ka_20211231.htm"
  },
  {
    "date": "2020-12-31",
    "symbol": "TSLA",
    "reportedCurrency": "USD",
    "cik": "0001318605",
    "fillingDate": "2021-02-08",
    "acceptedDate": "2021-02-08 07:27:23",
    "calendarYear": "2020",
    "period": "FY",
    "revenue": 31536000000,
    "costOfRevenue": 24906000000,
    "grossProfit": 6630000000,
    "grossProfitRatio": 0.2102359209,
    "researchAndDevelopmentExpenses": 1491000000,
    "generalAndAdministrativeExpenses": 0,
    "sellingAndMarketingExpenses": 0,
    "sellingGeneralAndAdministrativeExpenses": 3145000000,
    "otherExpenses": 0,
    "operatingExpenses": 4636000000,
    "costAndExpenses": 29542000000,
    "interestIncome": 30000000,
    "interestExpense": 748000000,
    "depreciationAndAmortization": 2322000000,
    "ebitda": 4224000000,
    "ebitdaratio": 0.1339421613,
    "operatingIncome": 1994000000,
    "operatingIncomeRatio": 0.0632293252,
    "totalOtherIncomeExpensesNet": -840000000,
    "incomeBeforeTax": 1154000000,
    "incomeBeforeTaxRatio": 0.0365930999,
    "incomeTaxExpense": 292000000,
    "netIncome": 721000000,
    "netIncomeRatio": 0.02286276,
    "eps": 0.25,
    "epsdiluted": 0.21,
    "weightedAverageShsOut": 2799000000,
    "weightedAverageShsOutDil": 3249000000,
    "link": "https://www.sec.gov/Archives/edgar/data/1318605/000156459021004599/0001564590-21-004599-index.htm",
    "finalLink": "https://www.sec.gov/Archives/edgar/data/1318605/000156459021004599/tsla-10k_20201231.htm"
  },
  {
    "date": "2019-12-31",
    "symbol": "TSLA",
    "reportedCurrency": "USD",
    "cik": "0001318605",
    "fillingDate": "2020-02-13",
    "acceptedDate": "2020-02-13 07:12:18",
    "calendarYear": "2019",
    "period": "FY",
    "revenue": 24578000000,
    "costOfRevenue": 20509000000,
    "grossProfit": 4069000000,
    "grossProfitRatio": 0.165554561,
    "researchAndDevelopmentExpenses": 1343000000,
    "generalAndAdministrativeExpenses": 0,
    "sellingAndMarketingExpenses": 0,
    "sellingGeneralAndAdministrativeExpenses": 2646000000,
    "otherExpenses": 11000000,
    "operatingExpenses": 4000000000,
    "costAndExpenses": 24509000000,
    "interestIncome": 44000000,
    "interestExpense": 685000000,
    "depreciationAndAmortization": 2154000000,
    "ebitda": 2172000000,
    "ebitdaratio": 0.0883717145,
    "operatingIncome": -69000000,
    "operatingIncomeRatio": -0.0028073887,
    "totalOtherIncomeExpensesNet": -596000000,
    "incomeBeforeTax": -665000000,
    "incomeBeforeTaxRatio": -0.0270567174,
    "incomeTaxExpense": 110000000,
    "netIncome": -862000000,
    "netIncomeRatio": -0.0350720156,
    "eps": -0.33,
    "epsdiluted": -0.33,
    "weightedAverageShsOut": 2655000000,
    "weightedAverageShsOutDil": 2655000000,
    "link": "https://www.sec.gov/Archives/edgar/data/1318605/000156459020004475/0001564590-20-004475-index.htm",
    "finalLink": "https://www.sec.gov/Archives/edgar/data/1318605/000156459020004475/tsla-10k_20191231.htm"
  },
  {
    "date": "2018-12-31",
    "symbol": "TSLA",
    "reportedCurrency": "USD",
    "cik": "0001318605",
    "fillingDate": "2019-02-19",
    "acceptedDate": "2019-02-19 06:10:16",
    "calendarYear": "2018",
    "period": "FY",
    "revenue": 21461268000,
    "costOfRevenue": 17419247000,
    "grossProfit": 4042021000,
    "grossProfitRatio": 0.1883402695,
    "researchAndDevelopmentExpenses": 1460370000,
    "generalAndAdministrativeExpenses": 0,
    "sellingAndMarketingExpenses": 0,
    "sellingGeneralAndAdministrativeExpenses": 2835000000,
    "otherExpenses": 135000000,
    "operatingExpenses": 4430000000,
    "costAndExpenses": 21849341000,
    "interestIncome": 24000000,
    "interestExpense": 663000000,
    "depreciationAndAmortization": 1901000000,
    "ebitda": 1559000000,
    "ebitdaratio": 0.0726424925,
    "operatingIncome": -388000000,
    "operatingIncomeRatio": -0.0180790809,
    "totalOtherIncomeExpensesNet": -617000000,
    "incomeBeforeTax": -1005000000,
    "incomeBeforeTaxRatio": -0.0468285471,
    "incomeTaxExpense": 58000000,
    "netIncome": -976000000,
    "netIncomeRatio": -0.0454772756,
    "eps": -0.38,
    "epsdiluted": -0.38,
    "weightedAverageShsOut": 2559000000,
    "weightedAverageShsOutDil": 2559000000,
    "link": "https://www.sec.gov/Archives/edgar/data/1318605/000156459019003165/0001564590-19-003165-index.htm",
    "finalLink": "https://www.sec.gov/Archives/edgar/data/1318605/000156459019003165/tsla-10k_20181231.htm"
  },
  {
    "date": "2017-12-31",
    "symbol": "TSLA",
    "reportedCurrency": "USD",
    "cik": "0001318605",
    "fillingDate": "2018-02-23",
    "acceptedDate": "2018-02-23 06:07:43",
    "calendarYear": "2017",
    "period": "FY",
    "revenue": 11759000000,
    "costOfRevenue": 9536000000,
    "grossProfit": 2223000000,
    "grossProfitRatio": 0.1890466876,
    "researchAndDevelopmentExpenses": 1378000000,
    "generalAndAdministrativeExpenses": 2439500000,
    "sellingAndMarketingExpenses": 37000000,
    "sellingGeneralAndAdministrativeExpenses": 2477000000,
    "otherExpenses": 0,
    "operatingExpenses": 3855000000,
    "costAndExpenses": 13391000000,
    "interestIncome": 19000000,
    "interestExpense": 471000000,
    "depreciationAndAmortization": 1636000000,
    "ebitda": -102000000,
    "ebitdaratio": -0.008674207,
    "operatingIncome": -1632000000,
    "operatingIncomeRatio": -0.1387873118,
    "totalOtherIncomeExpensesNet": -577000000,
    "incomeBeforeTax": -2209000000,
    "incomeBeforeTaxRatio": -0.1878561102,
    "incomeTaxExpense": 32000000,
    "netIncome": -1962000000,
    "netIncomeRatio": -0.1668509227,
    "eps": -0.79,
    "epsdiluted": -0.79,
    "weightedAverageShsOut": 2486370000,
    "weightedAverageShsOutDil": 2486370000,
    "link": "https://www.sec.gov/Archives/edgar/data/1318605/000156459018002956/0001564590-18-002956-index.htm",
    "finalLink": "https://www.sec.gov/Archives/edgar/data/1318605/000156459018002956/tsla-10k_20171231.htm"
  },
  {
    "date": "2016-12-31",
    "symbol": "TSLA",
    "reportedCurrency": "USD",
    "cik": "0001318605",
    "fillingDate": "2017-03-01",
    "acceptedDate": "2017-03-01 16:54:21",
    "calendarYear": "2016",
    "period": "FY",
    "revenue": 7000132000,
    "costOfRevenue": 5400875000,
    "grossProfit": 1599257000,
    "grossProfitRatio": 0.2284609776,
    "researchAndDevelopmentExpenses": 834408000,
    "generalAndAdministrativeExpenses": 1384189000,
    "sellingAndMarketingExpenses": 48000000,
    "sellingGeneralAndAdministrativeExpenses": 1432189000,
    "otherExpenses": 0,
    "operatingExpenses": 2266597000,
    "costAndExpenses": 7667472000,
    "interestIncome": 8530000,
    "interestExpense": 198810000,
    "depreciationAndAmortization": 947099000,
    "ebitda": 399561000,
    "ebitdaratio": 0.0570790665,
    "operatingIncome": -667340000,
    "operatingIncomeRatio": -0.095332488,
    "totalOtherIncomeExpensesNet": -79008000,
    "incomeBeforeTax": -746348000,
    "incomeBeforeTaxRatio": -0.1066191323,
    "incomeTaxExpense": 26698000,
    "netIncome": -674914000,
    "netIncomeRatio": -0.0964144676,
    "eps": -0.31,
    "epsdiluted": -0.31,
    "weightedAverageShsOut": 2163180000,
    "weightedAverageShsOutDil": 2163180000,
    "link": "https://www.sec.gov/Archives/edgar/data/1318605/000156459017003118/0001564590-17-003118-index.htm",
    "finalLink": "https://www.sec.gov/Archives/edgar/data/1318605/000156459017003118/tsla-10k_20161231.htm"
  },
  {
    "date": "2015-12-31",
    "symbol": "TSLA",
    "reportedCurrency": "USD",
    "cik": "0001318605",
    "fillingDate": "2016-02-24",
    "acceptedDate": "2016-02-24 16:17:56",
    "calendarYear": "2015",
    "period": "FY",
    "revenue": 4046025000,
    "costOfRevenue": 3122522000,
    "grossProfit": 923503000,
    "grossProfitRatio": 0.2282494547,
    "researchAndDevelopmentExpenses": 717900000,
    "generalAndAdministrativeExpenses": 863932000,
    "sellingAndMarketingExpenses": 58300000,
    "sellingGeneralAndAdministrativeExpenses": 922232000,
    "otherExpenses": 0,
    "operatingExpenses": 1640132000,
    "costAndExpenses": 4762654000,
    "interestIncome": 1508000,
    "interestExpense": 118851000,
    "depreciationAndAmortization": 422590000,
    "ebitda": -334183000,
    "ebitdaratio": -0.0825953868,
    "operatingIncome": -716629000,
    "operatingIncomeRatio": -0.1771192714,
    "totalOtherIncomeExpensesNet": -158995000,
    "incomeBeforeTax": -875624000,
    "incomeBeforeTaxRatio": -0.216415865,
    "incomeTaxExpense": 13039000,
    "netIncome": -888663000,
    "netIncomeRatio": -0.2196385341,
    "eps": -0.46,
    "epsdiluted": -0.46,
    "weightedAverageShsOut": 1923030000,
    "weightedAverageShsOutDil": 1923030000,
    "link": "https://www.sec.gov/Archives/edgar/data/1318605/000156459016013195/0001564590-16-013195-index.htm",
    "finalLink": "https://www.sec.gov/Archives/edgar/data/1318605/000156459016013195/tsla-10k_20151231.htm"
  }
]