[
  {
    "date": "2024-12-31",
    "symbol": "NEE",
    "reportedCurrency": "USD",
    "cik": "0000753308",
    "fillingDate": "2025-02-14",
    "acceptedDate": "2025-02-14 14:23:43",
    "calendarYear": "2024",
    "period": "Q4",
    "revenue": 5385000000,
    "costOfRevenue": 2408000000,
    "grossProfit": 2977000000,
    "grossProfitRatio": 0.5528319406,
    "researchAndDevelopmentExpenses": 0,
    "generalAndAdministrativeExpenses": 0,
    "sellingAndMarketingExpenses": 0,
    "sellingGeneralAndAdministrativeExpenses": 0,
    "otherExpenses": 2036000000,
    "operatingExpenses": 2036000000,
    "costAndExpenses": 4444000000,
    "interestIncome": 0,
    "interestExpense": 0,
    "depreciationAndAmortization": 1582000000,
    "ebitda": 1901000000,
    "ebitdaratio": 0.3530176416,
    "operatingIncome": 941000000,
    "operatingIncomeRatio": 0.1747446611,
    "totalOtherIncomeExpensesNet": 103000000,
    "incomeBeforeTax": 1044000000,
    "incomeBeforeTaxRatio": 0.1938718663,
    "incomeTaxExpense": 171000000,
    "netIncome": 1203000000,
    "netIncomeRatio": 0.2233983287,
    "eps": 0.58,
    "epsdiluted": 0.58,
    "weightedAverageShsOut": 2057000000,
    "weightedAverageShsOutDil": 2062000000,
    "link": "https://www.sec.gov/Archives/edgar/data/753308/000075330825000011/0000753308-25-000011-index.htm",
    "finalLink": "https://www.sec.gov/Archives/edgar/data/37634/000075330825000011/nee-20241231.htm"
  },
  {
    "date": "2024-09-30",
    "symbol": "NEE",
    "reportedCurrency": "USD",
    "cik": "0000753308",
    "fillingDate": "2024-10-23",
    "acceptedDate": "2024-10-23 17:24:14",
    "calendarYear": "2024",
    "period": "Q3",
    "revenue": 7567000000,
    "costOfRevenue": 2698000000,
    "grossProfit": 4869000000,
    "grossProfitRatio": 0.6434518303,
    "researchAndDevelopmentExpenses": 0,
    "generalAndAdministrativeExpenses": 0,
    "sellingAndMarketingExpenses": 0,
    "sellingGeneralAndAdministrativeExpenses": -1642000000,
    "otherExpenses": 3655000000,
    "operatingExpenses": 2013000000,
    "costAndExpenses": 4711000000,
    "interestIncome": 0,
    "interestExpense": 1817000000,
    "depreciationAndAmortization": 1720000000,
    "ebitda": 4257000000,
    "ebitdaratio": 0.5625743359,
    "operatingIncome": 2856000000,
    "operatingIncomeRatio": 0.3774283071,
    "totalOtherIncomeExpensesNet": -1260000000,
    "incomeBeforeTax": 1596000000,
    "incomeBeforeTaxRatio": 0.2109158187,
    "incomeTaxExpense": 5000000,
    "netIncome": 1852000000,
    "netIncomeRatio": 0.2447469274,
    "eps": 0.9,
    "epsdiluted": 0.9,
    "weightedAverageShsOut": 2053500000,
    "weightedAverageShsOutDil": 2061400000,
    "link": "https://www.sec.gov/Archives/edgar/data/753308/000075330824000057/0000753308-24-000057-index.htm",
    "finalLink": "https://www.sec.gov/Archives/edgar/data/37634/000075330824000057/nee-20240930.htm"
  },
  {
    "date": "2024-06-30",
    "symbol": "NEE",
    "reportedCurrency": "USD",
    "cik": "0000753308",
    "fillingDate": "2024-07-24",
    "acceptedDate": "2024-07-24 12:41:04",
    "calendarYear": "2024",
    "period": "Q2",
    "revenue": 6114000000,
    "costOfRevenue": 3860000000,
    "grossProfit": 2254000000,
    "grossProfitRatio": 0.368662087,
    "researchAndDevelopmentExpenses": 0,
    "generalAndAdministrativeExpenses": 0,
    "sellingAndMarketingExpenses": 0,
    "sellingGeneralAndAdministrativeExpenses": 66000000,
    "otherExpenses": -568000000,
    "operatingExpenses": 568000000,
    "costAndExpenses": 4428000000,
    "interestIncome": 0,
    "interestExpense": 820000000,
    "depreciationAndAmortization": 1471000000,
    "ebitda": 3562000000,
    "ebitdaratio": 0.5825973176,
    "operatingIncome": 1686000000,
    "operatingIncomeRatio": 0.2757605496,
    "totalOtherIncomeExpensesNet": -438000000,
    "incomeBeforeTax": 1232000000,
    "incomeBeforeTaxRatio": 0.2015047432,
    "incomeTaxExpense": -64000000,
    "netIncome": 1622000000,
    "netIncomeRatio": 0.2652927707,
    "eps": 0.79,
    "epsdiluted": 0.79,
    "weightedAverageShsOut": 2052500000,
    "weightedAverageShsOutDil": 2058199999,
    "link": "https://www.sec.gov/Archives/edgar/data/753308/000075330824000050/0000753308-24-000050-index.htm",
    "finalLink": "https://www.sec.gov/Archives/edgar/data/37634/000075330824000050/nee-20240630.htm"
  },
  {
    "date": "2024-03-31",
    "symbol": "NEE",
    "reportedCurrency": "USD",
    "cik": "0000753308",
    "fillingDate": "2024-04-23",
    "acceptedDate": "2024-04-23 17:20:56",
    "calendarYear": "2024",
    "period": "Q1",
    "revenue": 5731000000,
    "costOfRevenue": 2329000000,
    "grossProfit": 3402000000,
    "grossProfitRatio": 0.59361368,
    "researchAndDevelopmentExpenses": 0,
    "generalAndAdministrativeExpenses": 0,
    "sellingAndMarketingExpenses": 0,
    "sellingGeneralAndAdministrativeExpenses": 38000000,
    "otherExpenses": 72000000,
    "operatingExpenses": 1447000000,
    "costAndExpenses": 3776000000,
    "interestIncome": 0,
    "interestExpense": 323000000,
    "depreciationAndAmortization": 988000000,
    "ebitda": 4029000000,
    "ebitdaratio": 0.7030186704,
    "operatingIncome": 2013000000,
    "operatingIncomeRatio": 0.3512476008,
    "totalOtherIncomeExpensesNet": 151000000,
    "incomeBeforeTax": 2164000000,
    "incomeBeforeTaxRatio": 0.3775955331,
    "incomeTaxExpense": 227000000,
    "netIncome": 2268000000,
    "netIncomeRatio": 0.3957424533,
    "eps": 1.11,
    "epsdiluted": 1.1,
    "weightedAverageShsOut": 2051500000,
    "weightedAverageShsOutDil": 2055200000,
    "link": "https://www.sec.gov/Archives/edgar/data/753308/000075330824000023/0000753308-24-000023-index.htm",
    "finalLink": "https://www.sec.gov/Archives/edgar/data/37634/000075330824000023/nee-20240331.htm"
  },
  {
    "date": "2023-12-31",
    "symbol": "NEE",
    "reportedCurrency": "USD",
    "cik": "0000753308",
    "fillingDate": "2024-02-16",
    "acceptedDate": "2024-02-16 17:17:00",
    "calendarYear": "2023",
    "period": "Q4",
    "revenue": 6878000000,
    "costOfRevenue": 2467000000,
    "grossProfit": 4411000000,
    "grossProfitRatio": 0.6413201512,
    "researchAndDevelopmentExpenses": 0,
    "generalAndAdministrativeExpenses": 0,
    "sellingAndMarketingExpenses": 0,
    "sellingGeneralAndAdministrativeExpenses": 61000000,
    "otherExpenses": 106000000,
    "operatingExpenses": 2145000000,
    "costAndExpenses": 4612000000,
    "interestIncome": 0,
    "interestExpense": 1980000000,
    "depreciationAndAmortization": 1681000000,
    "ebitda": 3613000000,
    "ebitdaratio": 0.5252980518,
    "operatingIncome": 2660000000,
    "operatingIncomeRatio": 0.3867403315,
    "totalOtherIncomeExpensesNet": -1577000000,
    "incomeBeforeTax": 1083000000,
    "incomeBeforeTaxRatio": 0.1574585635,
    "incomeTaxExpense": 168000000,
    "netIncome": 1210000000,
    "netIncomeRatio": 0.1759232335,
    "eps": 0.59,
    "epsdiluted": 0.59,
    "weightedAverageShsOut": 2052000000,
    "weightedAverageShsOutDil": 2054000000,
    "link": "https://www.sec.gov/Archives/edgar/data/753308/000075330824000008/0000753308-24-000008-index.htm",
    "finalLink": "https://www.sec.gov/Archives/edgar/data/37634/000075330824000008/nee-20231231.htm"
  },
  {
    "date": "2023-09-30",
    "symbol": "NEE",
    "reportedCurrency": "USD",
    "cik": "0000753308",
    "fillingDate": "2023-11-07",
    "acceptedDate": "2023-11-06 18:02:20",
    "calendarYear": "2023",
    "period": "Q3",
    "revenue": 7172000000,
    "costOfRevenue": 2750000000,
    "grossProfit": 4422000000,
    "grossProfitRatio": 0.6165644172,
    "researchAndDevelopmentExpenses": 0,
    "generalAndAdministrativeExpenses": 0,
    "sellingAndMarketingExpenses": 0,
    "sellingGeneralAndAdministrativeExpenses": 62000000,
    "otherExpenses": 143000000,
    "operatingExpenses": 2593000000,
    "costAndExpenses": 5343000000,
    "interestIncome": 26000000,
    "interestExpense": 26000000,
    "depreciationAndAmortization": 2026000000,
    "ebitda": 3784000000,
    "ebitdaratio": 0.527607362,
    "operatingIncome": 1836000000,
    "operatingIncomeRatio": 0.2559955382,
    "totalOtherIncomeExpensesNet": -863000000,
    "incomeBeforeTax": 973000000,
    "incomeBeforeTaxRatio": 0.1356664808,
    "incomeTaxExpense": -46000000,
    "netIncome": 1219000000,
    "netIncomeRatio": 0.1699665365,
    "eps": 0.6,
    "epsdiluted": 0.6,
    "weightedAverageShsOut": 2031300000,
    "weightedAverageShsOutDil": 2036200000,
    "link": "https://www.sec.gov/Archives/edgar/data/753308/000075330823000058/0000753308-23-000058-index.htm",
    "finalLink": "https://www.sec.gov/Archives/edgar/data/37634/000075330823000058/nee-20230930.htm"
  },
  {
    "date": "2023-06-30",
    "symbol": "NEE",
    "reportedCurrency": "USD",
    "cik": "0000753308",
    "fillingDate": "2023-07-26",
    "acceptedDate": "2023-07-26 17:28:48",
    "calendarYear": "2023",
    "period": "Q2",
    "revenue": 7349000000,
    "costOfRevenue": 2486000000,
    "grossProfit": 4863000000,
    "grossProfitRatio": 0.6617226834,
    "researchAndDevelopmentExpenses": 0,
    "generalAndAdministrativeExpenses": 0,
    "sellingAndMarketingExpenses": 0,
    "sellingGeneralAndAdministrativeExpenses": 62000000,
    "otherExpenses": 2070000000,
    "operatingExpenses": 2070000000,
    "costAndExpenses": 4556000000,
    "interestIncome": 135000000,
    "interestExpense": 135000000,
    "depreciationAndAmortization": 1552000000,
    "ebitda": 5332000000,
    "ebitdaratio": 0.7255408899,
    "operatingIncome": 2799000000,
    "operatingIncomeRatio": 0.3808681453,
    "totalOtherIncomeExpensesNet": 262000000,
    "incomeBeforeTax": 3061000000,
    "incomeBeforeTaxRatio": 0.4165192543,
    "incomeTaxExpense": 497000000,
    "netIncome": 2795000000,
    "netIncomeRatio": 0.3803238536,
    "eps": 1.38,
    "epsdiluted": 1.38,
    "weightedAverageShsOut": 2022000000,
    "weightedAverageShsOutDil": 2027200000,
    "link": "https://www.sec.gov/Archives/edgar/data/753308/000075330823000045/0000753308-23-000045-index.htm",
    "finalLink": "https://www.sec.gov/Archives/edgar/data/37634/000075330823000045/nee-20230630.htm"
  },
  {
    "date": "2023-03-31",
    "symbol": "NEE",
    "reportedCurrency": "USD",
    "cik": "0000753308",
    "fillingDate": "2023-04-26",
    "acceptedDate": "2023-04-25 20:04:18",
    "calendarYear": "2023",
    "period": "Q1",
    "revenue": 6716000000,
    "costOfRevenue": 2434000000,
    "grossProfit": 4282000000,
    "grossProfitRatio": 0.637581894,
    "researchAndDevelopmentExpenses": 0,
    "generalAndAdministrativeExpenses": 0,
    "sellingAndMarketingExpenses": 0,
    "sellingGeneralAndAdministrativeExpenses": 60000000,
    "otherExpenses": 1307000000,
    "operatingExpenses": 1307000000,
    "costAndExpenses": 3741000000,
    "interestIncome": 1183000000,
    "interestExpense": 1183000000,
    "depreciationAndAmortization": 893000000,
    "ebitda": 3744000000,
    "ebitdaratio": 0.5574746873,
    "operatingIncome": 2942000000,
    "operatingIncomeRatio": 0.4380583681,
    "totalOtherIncomeExpensesNet": -771000000,
    "incomeBeforeTax": 2171000000,
    "incomeBeforeTaxRatio": 0.3232578916,
    "incomeTaxExpense": 386000000,
    "netIncome": 2086000000,
    "netIncomeRatio": 0.3106015485,
    "eps": 1.04,
    "epsdiluted": 1.04,
    "weightedAverageShsOut": 1999900000,
    "weightedAverageShsOutDil": 2005100000,
    "link": "https://www.sec.gov/Archives/edgar/data/753308/000075330823000033/0000753308-23-000033-index.htm",
    "finalLink": "https://www.sec.gov/Archives/edgar/data/37634/000075330823000033/nee-20230331.htm"
  },
  {
    "date": "2022-12-31",
    "symbol": "NEE",
    "reportedCurrency": "USD",
    "cik": "0000753308",
    "fillingDate": "2023-02-17",
    "acceptedDate": "2023-02-17 16:25:38",
    "calendarYear": "2022",
    "period": "Q4",
    "revenue": 6164000000,
    "costOfRevenue": 2768000000,
    "grossProfit": 3396000000,
    "grossProfitRatio": 0.5509409474,
    "researchAndDevelopmentExpenses": 0,
    "generalAndAdministrativeExpenses": 0,
    "sellingAndMarketingExpenses": 0,
    "sellingGeneralAndAdministrativeExpenses": 43000000,
    "otherExpenses": 1677000000,
    "operatingExpenses": 1677000000,
    "costAndExpenses": 4445000000,
    "interestIncome": 685000000,
    "interestExpense": 685000000,
    "depreciationAndAmortization": 1246000000,
    "ebitda": 3486000000,
    "ebitdaratio": 0.5655418559,
    "operatingIncome": 2045000000,
    "operatingIncomeRatio": 0.3317650876,
    "totalOtherIncomeExpensesNet": -450000000,
    "incomeBeforeTax": 1596000000,
    "incomeBeforeTaxRatio": 0.2589227774,
    "incomeTaxExpense": 329000000,
    "netIncome": 1522000000,
    "netIncomeRatio": 0.246917586,
    "eps": 0.77,
    "epsdiluted": 0.76,
    "weightedAverageShsOut": 1987000000,
    "weightedAverageShsOutDil": 1993000000,
    "link": "https://www.sec.gov/Archives/edgar/data/753308/000075330823000019/0000753308-23-000019-index.htm",
    "finalLink": "https://www.sec.gov/Archives/edgar/data/37634/000075330823000019/nee-20221231.htm"
  },
  {
    "date": "2022-09-30",
    "symbol": "NEE",
    "reportedCurrency": "USD",
    "cik": "0000753308",
    "fillingDate": "2022-11-03",
    "acceptedDate": "2022-11-02 18:50:46",
    "calendarYear": "2022",
    "period": "Q3",
    "revenue": 6719000000,
    "costOfRevenue": 3158000000,
    "grossProfit": 3561000000,
    "grossProfitRatio": 0.5299895818,
    "researchAndDevelopmentExpenses": 0,
    "generalAndAdministrativeExpenses": 0,
    "sellingAndMarketingExpenses": 0,
    "sellingGeneralAndAdministrativeExpenses": 70000000,
    "otherExpenses": 153000000,
    "operatingExpenses": 1870000000,
    "costAndExpenses": 5028000000,
    "interestIncome": 0,
    "interestExpense": 259000000,
    "depreciationAndAmortization": 1356000000,
    "ebitda": 3696000000,
    "ebitdaratio": 0.5500818574,
    "operatingIncome": 1862000000,
    "operatingIncomeRatio": 0.2771245721,
    "totalOtherIncomeExpensesNet": 20000000,
    "incomeBeforeTax": 1882000000,
    "incomeBeforeTaxRatio": 0.2801012055,
    "incomeTaxExpense": 323000000,
    "netIncome": 1696000000,
    "netIncomeRatio": 0.2524185147,
    "eps": 0.86,
    "epsdiluted": 0.86,
    "weightedAverageShsOut": 1972500000,
    "weightedAverageShsOutDil": 1978900000,
    "link": "https://www.sec.gov/Archives/edgar/data/753308/000075330822000081/0000753308-22-000081-index.htm",
    "finalLink": "https://www.sec.gov/Archives/edgar/data/37634/000075330822000081/nee-20220930.htm"
  },
  {
    "date": "2022-06-30",
    "symbol": "NEE",
    "reportedCurrency": "USD",
    "cik": "0000753308",
    "fillingDate": "2022-07-27",
    "acceptedDate": "2022-07-26 18:34:22",
    "calendarYear": "2022",
    "period": "Q2",
    "revenue": 5183000000,
    "costOfRevenue": 2566000000,
    "grossProfit": 2617000000,
    "grossProfitRatio": 0.5049199305,
    "researchAndDevelopmentExpenses": 0,
    "generalAndAdministrativeExpenses": 0,
    "sellingAndMarketingExpenses": 0,
    "sellingGeneralAndAdministrativeExpenses": 19000000,
    "otherExpenses": 1670000000,
    "operatingExpenses": 1670000000,
    "costAndExpenses": 4236000000,
    "interestIncome": 217000000,
    "interestExpense": 217000000,
    "depreciationAndAmortization": 1227000000,
    "ebitda": 2944000000,
    "ebitdaratio": 0.5680108046,
    "operatingIncome": 948000000,
    "operatingIncomeRatio": 0.1829056531,
    "totalOtherIncomeExpensesNet": 459000000,
    "incomeBeforeTax": 1407000000,
    "incomeBeforeTaxRatio": 0.2714644029,
    "incomeTaxExpense": 294000000,
    "netIncome": 1380000000,
    "netIncomeRatio": 0.2662550646,
    "eps": 0.7,
    "epsdiluted": 0.7,
    "weightedAverageShsOut": 1965200000,
    "weightedAverageShsOutDil": 1973000000,
    "link": "https://www.sec.gov/Archives/edgar/data/753308/000075330822000055/0000753308-22-000055-index.htm",
    "finalLink": "https://www.sec.gov/Archives/edgar/data/37634/000075330822000055/nee-20220630.htm"
  },
  {
    "date": "2022-03-31",
    "symbol": "NEE",
    "reportedCurrency": "USD",
    "cik": "0000753308",
    "fillingDate": "2022-04-22",
    "acceptedDate": "2022-04-22 16:19:14",
    "calendarYear": "2022",
    "period": "Q1",
    "revenue": 2890000000,
    "costOfRevenue": 2325000000,
    "grossProfit": 565000000,
    "grossProfitRatio": 0.1955017301,
    "researchAndDevelopmentExpenses": 0,
    "generalAndAdministrativeExpenses": 0,
    "sellingAndMarketingExpenses": 0,
    "sellingGeneralAndAdministrativeExpenses": 70000000,
    "otherExpenses": 1363000000,
    "operatingExpenses": 1363000000,
    "costAndExpenses": 3688000000,
    "interestIncome": 142000000,
    "interestExpense": 142000000,
    "depreciationAndAmortization": 960000000,
    "ebitda": 162000000,
    "ebitdaratio": 0.0560553633,
    "operatingIncome": -740000000,
    "operatingIncomeRatio": -0.2560553633,
    "totalOtherIncomeExpensesNet": -277000000,
    "incomeBeforeTax": -1052000000,
    "incomeBeforeTaxRatio": -0.3640138408,
    "incomeTaxExpense": -359000000,
    "netIncome": -693000000,
    "netIncomeRatio": -0.2397923875,
    "eps": -0.35,
    "epsdiluted": -0.35,
    "weightedAverageShsOut": 1964700000,
    "weightedAverageShsOutDil": 1974000000,
    "link": "https://www.sec.gov/Archives/edgar/data/753308/000075330822000033/0000753308-22-000033-index.htm",
    "finalLink": "https://www.sec.gov/Archives/edgar/data/37634/000075330822000033/nee-20220331.htm"
  },
  {
    "date": "2021-12-31",
    "symbol": "NEE",
    "reportedCurrency": "USD",
    "cik": "0000753308",
    "fillingDate": "2022-02-18",
    "acceptedDate": "2022-02-18 06:28:58",
    "calendarYear": "2021",
    "period": "Q4",
    "revenue": 5046000000,
    "costOfRevenue": 2298000000,
    "grossProfit": 2748000000,
    "grossProfitRatio": 0.5445897741,
    "researchAndDevelopmentExpenses": 0,
    "generalAndAdministrativeExpenses": 0,
    "sellingAndMarketingExpenses": 0,
    "sellingGeneralAndAdministrativeExpenses": 64000000,
    "otherExpenses": 35000000,
    "operatingExpenses": 1396000000,
    "costAndExpenses": 3694000000,
    "interestIncome": 599000000,
    "interestExpense": 0,
    "depreciationAndAmortization": 1052000000,
    "ebitda": 2768000000,
    "ebitdaratio": 0.5485533096,
    "operatingIncome": 1355000000,
    "operatingIncomeRatio": 0.2685295283,
    "totalOtherIncomeExpensesNet": -138000000,
    "incomeBeforeTax": 1218000000,
    "incomeBeforeTaxRatio": 0.2413793103,
    "incomeTaxExpense": 265000000,
    "netIncome": 1204000000,
    "netIncomeRatio": 0.2386048355,
    "eps": 0.61,
    "epsdiluted": 0.61,
    "weightedAverageShsOut": 1973770492,
    "weightedAverageShsOutDil": 1975000000,
    "link": "https://www.sec.gov/Archives/edgar/data/753308/000075330822000014/0000753308-22-000014-index.htm",
    "finalLink": "https://www.sec.gov/Archives/edgar/data/37634/000075330822000014/nee-20211231.htm"
  },
  {
    "date": "2021-09-30",
    "symbol": "NEE",
    "reportedCurrency": "USD",
    "cik": "0000753308",
    "fillingDate": "2021-10-25",
    "acceptedDate": "2021-10-25 15:46:35",
    "calendarYear": "2021",
    "period": "Q3",
    "revenue": 4370000000,
    "costOfRevenue": 2293000000,
    "grossProfit": 2077000000,
    "grossProfitRatio": 0.4752860412,
    "researchAndDevelopmentExpenses": 0,
    "generalAndAdministrativeExpenses": 0,
    "sellingAndMarketingExpenses": 0,
    "sellingGeneralAndAdministrativeExpenses": 64000000,
    "otherExpenses": 89000000,
    "operatingExpenses": 1711000000,
    "costAndExpenses": 4004000000,
    "interestIncome": 7000000,
    "interestExpense": 335000000,
    "depreciationAndAmortization": 1298000000,
    "ebitda": 1902000000,
    "ebitdaratio": 0.4352402746,
    "operatingIncome": 379000000,
    "operatingIncomeRatio": 0.0867276888,
    "totalOtherIncomeExpensesNet": -102000000,
    "incomeBeforeTax": 277000000,
    "incomeBeforeTaxRatio": 0.0633867277,
    "incomeTaxExpense": -27000000,
    "netIncome": 447000000,
    "netIncomeRatio": 0.1022883295,
    "eps": 0.23,
    "epsdiluted": 0.23,
    "weightedAverageShsOut": 1962700000,
    "weightedAverageShsOutDil": 1972900000,
    "link": "https://www.sec.gov/Archives/edgar/data/753308/000075330821000167/0000753308-21-000167-index.htm",
    "finalLink": "https://www.sec.gov/Archives/edgar/data/37634/000075330821000167/nee-20210930.htm"
  },
  {
    "date": "2021-06-30",
    "symbol": "NEE",
    "reportedCurrency": "USD",
    "cik": "0000753308",
    "fillingDate": "2021-07-26",
    "acceptedDate": "2021-07-26 16:59:20",
    "calendarYear": "2021",
    "period": "Q2",
    "revenue": 3927000000,
    "costOfRevenue": 1969000000,
    "grossProfit": 1958000000,
    "grossProfitRatio": 0.4985994398,
    "researchAndDevelopmentExpenses": 0,
    "generalAndAdministrativeExpenses": 0,
    "sellingAndMarketingExpenses": 0,
    "sellingGeneralAndAdministrativeExpenses": 64000000,
    "otherExpenses": 95000000,
    "operatingExpenses": 1441000000,
    "costAndExpenses": 3410000000,
    "interestIncome": 7000000,
    "interestExpense": 757000000,
    "depreciationAndAmortization": 1041000000,
    "ebitda": 1301000000,
    "ebitdaratio": 0.3312961548,
    "operatingIncome": 510000000,
    "operatingIncomeRatio": 0.1298701299,
    "totalOtherIncomeExpensesNet": -578000000,
    "incomeBeforeTax": -68000000,
    "incomeBeforeTaxRatio": -0.0173160173,
    "incomeTaxExpense": -140000000,
    "netIncome": 256000000,
    "netIncomeRatio": 0.0651897122,
    "eps": 0.13,
    "epsdiluted": 0.13,
    "weightedAverageShsOut": 1962400000,
    "weightedAverageShsOutDil": 1970300000,
    "link": "https://www.sec.gov/Archives/edgar/data/753308/000075330821000148/0000753308-21-000148-index.htm",
    "finalLink": "https://www.sec.gov/Archives/edgar/data/37634/000075330821000148/nee-20210630.htm"
  },
  {
    "date": "2021-03-31",
    "symbol": "NEE",
    "reportedCurrency": "USD",
    "cik": "0000753308",
    "fillingDate": "2021-04-23",
    "acceptedDate": "2021-04-23 17:16:57",
    "calendarYear": "2021",
    "period": "Q1",
    "revenue": 3726000000,
    "costOfRevenue": 1895000000,
    "grossProfit": 1831000000,
    "grossProfitRatio": 0.4914117016,
    "researchAndDevelopmentExpenses": 0,
    "generalAndAdministrativeExpenses": 0,
    "sellingAndMarketingExpenses": 0,
    "sellingGeneralAndAdministrativeExpenses": 64000000,
    "otherExpenses": 83000000,
    "operatingExpenses": 1176000000,
    "costAndExpenses": 3071000000,
    "interestIncome": 440000000,
    "interestExpense": 421000000,
    "depreciationAndAmortization": 823000000,
    "ebitda": 2855000000,
    "ebitdaratio": 0.7662372517,
    "operatingIncome": 669000000,
    "operatingIncomeRatio": 0.1795491143,
    "totalOtherIncomeExpensesNet": 1079000000,
    "incomeBeforeTax": 1748000000,
    "incomeBeforeTaxRatio": 0.4691358025,
    "incomeTaxExpense": 250000000,
    "netIncome": 1666000000,
    "netIncomeRatio": 0.4471282877,
    "eps": 0.85,
    "epsdiluted": 0.84,
    "weightedAverageShsOut": 1961600000,
    "weightedAverageShsOutDil": 1973000000,
    "link": "https://www.sec.gov/Archives/edgar/data/753308/000075330821000108/0000753308-21-000108-index.htm",
    "finalLink": "https://www.sec.gov/Archives/edgar/data/37634/000075330821000108/nee-20210331.htm"
  },
  {
    "date": "2020-12-31",
    "symbol": "NEE",
    "reportedCurrency": "USD",
    "cik": "0000753308",
    "fillingDate": "2021-02-12",
    "acceptedDate": "2021-02-12 16:07:50",
    "calendarYear": "2020",
    "period": "Q4",
    "revenue": 4395000000,
    "costOfRevenue": 1947000000,
    "grossProfit": 2448000000,
    "grossProfitRatio": 0.556996587,
    "researchAndDevelopmentExpenses": 0,
    "generalAndAdministrativeExpenses": 0,
    "sellingAndMarketingExpenses": 0,
    "sellingGeneralAndAdministrativeExpenses": 51000000,
    "otherExpenses": -127000000,
    "operatingExpenses": 1374000000,
    "costAndExpenses": 3321000000,
    "interestIncome": 7000000,
    "interestExpense": 111000000,
    "depreciationAndAmortization": 1023000000,
    "ebitda": 1231000000,
    "ebitdaratio": 0.2800910125,
    "operatingIncome": 941000000,
    "operatingIncomeRatio": 0.2141069397,
    "totalOtherIncomeExpensesNet": -1165000000,
    "incomeBeforeTax": -225000000,
    "incomeBeforeTaxRatio": -0.0511945392,
    "incomeTaxExpense": -34000000,
    "netIncome": -5000000,
    "netIncomeRatio": -0.0011376564,
    "eps": -0.0026,
    "epsdiluted": -0.0025,
    "weightedAverageShsOut": 1960000000,
    "weightedAverageShsOutDil": 1972000000,
    "link": "https://www.sec.gov/Archives/edgar/data/753308/000075330821000014/0000753308-21-000014-index.htm",
    "finalLink": "https://www.sec.gov/Archives/edgar/data/37634/000075330821000014/nee-20201231.htm"
  },
  {
    "date": "2020-09-30",
    "symbol": "NEE",
    "reportedCurrency": "USD",
    "cik": "0000753308",
    "fillingDate": "2020-10-23",
    "acceptedDate": "2020-10-23 16:43:18",
    "calendarYear": "2020",
    "period": "Q3",
    "revenue": 4785000000,
    "costOfRevenue": 2033000000,
    "grossProfit": 2752000000,
    "grossProfitRatio": 0.5751306165,
    "researchAndDevelopmentExpenses": 0,
    "generalAndAdministrativeExpenses": 0,
    "sellingAndMarketingExpenses": 0,
    "sellingGeneralAndAdministrativeExpenses": 50000000,
    "otherExpenses": 71000000,
    "operatingExpenses": 1733000000,
    "costAndExpenses": 3766000000,
    "interestIncome": 7000000,
    "interestExpense": 208000000,
    "depreciationAndAmortization": 1279000000,
    "ebitda": 2959000000,
    "ebitdaratio": 0.6183908046,
    "operatingIncome": 1008000000,
    "operatingIncomeRatio": 0.2106583072,
    "totalOtherIncomeExpensesNet": 244000000,
    "incomeBeforeTax": 1252000000,
    "incomeBeforeTaxRatio": 0.2616509927,
    "incomeTaxExpense": 129000000,
    "netIncome": 1229000000,
    "netIncomeRatio": 0.2568443051,
    "eps": 0.63,
    "epsdiluted": 0.63,
    "weightedAverageShsOut": 1959074124,
    "weightedAverageShsOutDil": 1959074124,
    "link": "https://www.sec.gov/Archives/edgar/data/753308/000075330820000186/0000753308-20-000186-index.htm",
    "finalLink": "https://www.sec.gov/Archives/edgar/data/37634/000075330820000186/nee10q3q2020.htm"
  },
  {
    "date": "2020-06-30",
    "symbol": "NEE",
    "reportedCurrency": "USD",
    "cik": "0000753308",
    "fillingDate": "2020-07-24",
    "acceptedDate": "2020-07-24 15:59:51",
    "calendarYear": "2020",
    "period": "Q2",
    "revenue": 4204000000,
    "costOfRevenue": 1635000000,
    "grossProfit": 2569000000,
    "grossProfitRatio": 0.6110846813,
    "researchAndDevelopmentExpenses": 0,
    "generalAndAdministrativeExpenses": 0,
    "sellingAndMarketingExpenses": 0,
    "sellingGeneralAndAdministrativeExpenses": 47000000,
    "otherExpenses": 43000000,
    "operatingExpenses": 1400000000,
    "costAndExpenses": 3035000000,
    "interestIncome": 11000000,
    "interestExpense": 320000000,
    "depreciationAndAmortization": 1032000000,
    "ebitda": 2744000000,
    "ebitdaratio": 0.6527117031,
    "operatingIncome": 1186000000,
    "operatingIncomeRatio": 0.282112274,
    "totalOtherIncomeExpensesNet": 128000000,
    "incomeBeforeTax": 1314000000,
    "incomeBeforeTaxRatio": 0.3125594672,
    "incomeTaxExpense": 185000000,
    "netIncome": 1275000000,
    "netIncomeRatio": 0.303282588,
    "eps": 0.65,
    "epsdiluted": 0.65,
    "weightedAverageShsOut": 1958800000,
    "weightedAverageShsOutDil": 1967300000,
    "link": "https://www.sec.gov/Archives/edgar/data/753308/000075330820000150/0000753308-20-000150-index.htm",
    "finalLink": "https://www.sec.gov/Archives/edgar/data/37634/000075330820000150/nee10q2q2020.htm"
  },
  {
    "date": "2020-03-31",
    "symbol": "NEE",
    "reportedCurrency": "USD",
    "cik": "0000753308",
    "fillingDate": "2020-04-23",
    "acceptedDate": "2020-04-23 16:01:38",
    "calendarYear": "2020",
    "period": "Q1",
    "revenue": 4613000000,
    "costOfRevenue": 1651000000,
    "grossProfit": 2962000000,
    "grossProfitRatio": 0.6420984175,
    "researchAndDevelopmentExpenses": 0,
    "generalAndAdministrativeExpenses": 0,
    "sellingAndMarketingExpenses": 0,
    "sellingGeneralAndAdministrativeExpenses": 52000000,
    "otherExpenses": 62000000,
    "operatingExpenses": 1254000000,
    "costAndExpenses": 2905000000,
    "interestIncome": 13000000,
    "interestExpense": 1311000000,
    "depreciationAndAmortization": 922000000,
    "ebitda": 1296000000,
    "ebitdaratio": 0.280945155,
    "operatingIncome": 1981000000,
    "operatingIncomeRatio": 0.4294385432,
    "totalOtherIncomeExpensesNet": -1908000000,
    "incomeBeforeTax": 73000000,
    "incomeBeforeTaxRatio": 0.0158248428,
    "incomeTaxExpense": -235000000,
    "netIncome": 421000000,
    "netIncomeRatio": 0.0912638196,
    "eps": 0.22,
    "epsdiluted": 0.21,
    "weightedAverageShsOut": 1957800200,
    "weightedAverageShsOutDil": 1968000000,
    "link": "https://www.sec.gov/Archives/edgar/data/753308/000075330820000113/0000753308-20-000113-index.htm",
    "finalLink": "https://www.sec.gov/Archives/edgar/data/37634/000075330820000113/nee10q1q2020.htm"
  }
]