[
  {
    "date": "2024-12-31",
    "symbol": "NEE",
    "reportedCurrency": "USD",
    "cik": "0000753308",
    "fillingDate": "2025-02-14",
    "acceptedDate": "2025-02-14 14:23:43",
    "calendarYear": "2024",
    "period": "FY",
    "revenue": 17019000000,
    "costOfRevenue": 0,
    "grossProfit": 17019000000,
    "grossProfitRatio": 1,
    "researchAndDevelopmentExpenses": 0,
    "generalAndAdministrativeExpenses": 0,
    "sellingAndMarketingExpenses": 0,
    "sellingGeneralAndAdministrativeExpenses": 0,
    "otherExpenses": 10528000000,
    "operatingExpenses": 10528000000,
    "costAndExpenses": 10527000000,
    "interestIncome": 0,
    "interestExpense": 2235000000,
    "depreciationAndAmortization": 2827000000,
    "ebitda": 7162000000,
    "ebitdaratio": 0.4208237852,
    "operatingIncome": 6492000000,
    "operatingIncomeRatio": 0.3814560197,
    "totalOtherIncomeExpensesNet": -979000000,
    "incomeBeforeTax": 5513000000,
    "incomeBeforeTaxRatio": 0.3239320759,
    "incomeTaxExpense": 970000000,
    "netIncome": 4543000000,
    "netIncomeRatio": 0.2669369528,
    "eps": 3.38,
    "epsdiluted": 2.21,
    "weightedAverageShsOut": 2057000000,
    "weightedAverageShsOutDil": 2059000000,
    "link": "https://www.sec.gov/Archives/edgar/data/753308/000075330825000011/0000753308-25-000011-index.htm",
    "finalLink": "https://www.sec.gov/Archives/edgar/data/37634/000075330825000011/nee-20241231.htm"
  },
  {
    "date": "2023-12-31",
    "symbol": "NEE",
    "reportedCurrency": "USD",
    "cik": "0000753308",
    "fillingDate": "2024-02-16",
    "acceptedDate": "2024-02-16 17:17:00",
    "calendarYear": "2023",
    "period": "FY",
    "revenue": 28114000000,
    "costOfRevenue": 10138000000,
    "grossProfit": 17976000000,
    "grossProfitRatio": 0.6393967418,
    "researchAndDevelopmentExpenses": 0,
    "generalAndAdministrativeExpenses": 0,
    "sellingAndMarketingExpenses": 0,
    "sellingGeneralAndAdministrativeExpenses": -375000000,
    "otherExpenses": 7739000000,
    "operatingExpenses": 7364000000,
    "costAndExpenses": 17877000000,
    "interestIncome": 0,
    "interestExpense": 3324000000,
    "depreciationAndAmortization": 6151000000,
    "ebitda": 16763000000,
    "ebitdaratio": 0.5962509782,
    "operatingIncome": 10237000000,
    "operatingIncomeRatio": 0.3641246354,
    "totalOtherIncomeExpensesNet": -2949000000,
    "incomeBeforeTax": 7288000000,
    "incomeBeforeTaxRatio": 0.2592302767,
    "incomeTaxExpense": 1006000000,
    "netIncome": 7310000000,
    "netIncomeRatio": 0.260012805,
    "eps": 3.61,
    "epsdiluted": 3.6,
    "weightedAverageShsOut": 2026100000,
    "weightedAverageShsOutDil": 2030800000,
    "link": "https://www.sec.gov/Archives/edgar/data/753308/000075330824000008/0000753308-24-000008-index.htm",
    "finalLink": "https://www.sec.gov/Archives/edgar/data/37634/000075330824000008/nee-20231231.htm"
  },
  {
    "date": "2022-12-31",
    "symbol": "NEE",
    "reportedCurrency": "USD",
    "cik": "0000753308",
    "fillingDate": "2023-02-17",
    "acceptedDate": "2023-02-17 16:25:38",
    "calendarYear": "2022",
    "period": "FY",
    "revenue": 20956000000,
    "costOfRevenue": 10817000000,
    "grossProfit": 10139000000,
    "grossProfitRatio": 0.4838232487,
    "researchAndDevelopmentExpenses": 0,
    "generalAndAdministrativeExpenses": 0,
    "sellingAndMarketingExpenses": 0,
    "sellingGeneralAndAdministrativeExpenses": 202000000,
    "otherExpenses": 6580000000,
    "operatingExpenses": 6580000000,
    "costAndExpenses": 17397000000,
    "interestIncome": 585000000,
    "interestExpense": 585000000,
    "depreciationAndAmortization": 4790000000,
    "ebitda": 10359000000,
    "ebitdaratio": 0.4943214354,
    "operatingIncome": 4081000000,
    "operatingIncomeRatio": 0.1947413629,
    "totalOtherIncomeExpensesNet": -249000000,
    "incomeBeforeTax": 3832000000,
    "incomeBeforeTaxRatio": 0.1828593243,
    "incomeTaxExpense": 586000000,
    "netIncome": 3246000000,
    "netIncomeRatio": 0.1548959725,
    "eps": 1.65,
    "epsdiluted": 1.64,
    "weightedAverageShsOut": 1972600000,
    "weightedAverageShsOutDil": 1978600000,
    "link": "https://www.sec.gov/Archives/edgar/data/753308/000075330823000019/0000753308-23-000019-index.htm",
    "finalLink": "https://www.sec.gov/Archives/edgar/data/37634/000075330823000019/nee-20221231.htm"
  },
  {
    "date": "2021-12-31",
    "symbol": "NEE",
    "reportedCurrency": "USD",
    "cik": "0000753308",
    "fillingDate": "2022-02-18",
    "acceptedDate": "2022-02-18 06:28:58",
    "calendarYear": "2021",
    "period": "FY",
    "revenue": 17069000000,
    "costOfRevenue": 8480000000,
    "grossProfit": 8589000000,
    "grossProfitRatio": 0.5031929228,
    "researchAndDevelopmentExpenses": 0,
    "generalAndAdministrativeExpenses": 0,
    "sellingAndMarketingExpenses": 0,
    "sellingGeneralAndAdministrativeExpenses": 257000000,
    "otherExpenses": 5725000000,
    "operatingExpenses": 5725000000,
    "costAndExpenses": 14205000000,
    "interestIncome": 1270000000,
    "interestExpense": 1270000000,
    "depreciationAndAmortization": 4214000000,
    "ebitda": 8824000000,
    "ebitdaratio": 0.5169605718,
    "operatingIncome": 3889000000,
    "operatingIncomeRatio": 0.2278399438,
    "totalOtherIncomeExpensesNet": 262000000,
    "incomeBeforeTax": 3175000000,
    "incomeBeforeTaxRatio": 0.1860097252,
    "incomeTaxExpense": 348000000,
    "netIncome": 2827000000,
    "netIncomeRatio": 0.1656218876,
    "eps": 1.44,
    "epsdiluted": 1.43,
    "weightedAverageShsOut": 1962500000,
    "weightedAverageShsOutDil": 1972200000,
    "link": "https://www.sec.gov/Archives/edgar/data/753308/000075330822000014/0000753308-22-000014-index.htm",
    "finalLink": "https://www.sec.gov/Archives/edgar/data/37634/000075330822000014/nee-20211231.htm"
  },
  {
    "date": "2020-12-31",
    "symbol": "NEE",
    "reportedCurrency": "USD",
    "cik": "0000753308",
    "fillingDate": "2021-02-12",
    "acceptedDate": "2021-02-12 16:07:50",
    "calendarYear": "2020",
    "period": "FY",
    "revenue": 17997000000,
    "costOfRevenue": 7290000000,
    "grossProfit": 10707000000,
    "grossProfitRatio": 0.5949324887,
    "researchAndDevelopmentExpenses": 0,
    "generalAndAdministrativeExpenses": 0,
    "sellingAndMarketingExpenses": 0,
    "sellingGeneralAndAdministrativeExpenses": 200000000,
    "otherExpenses": 5761000000,
    "operatingExpenses": 5761000000,
    "costAndExpenses": 13051000000,
    "interestIncome": 38000000,
    "interestExpense": 1950000000,
    "depreciationAndAmortization": 4315000000,
    "ebitda": 8227000000,
    "ebitdaratio": 0.4571317442,
    "operatingIncome": 3704000000,
    "operatingIncomeRatio": 0.2058120798,
    "totalOtherIncomeExpensesNet": -1291000000,
    "incomeBeforeTax": 2413000000,
    "incomeBeforeTaxRatio": 0.1340779019,
    "incomeTaxExpense": 44000000,
    "netIncome": 2919000000,
    "netIncomeRatio": 0.1621936989,
    "eps": 1.49,
    "epsdiluted": 1.48,
    "weightedAverageShsOut": 1959000000,
    "weightedAverageShsOutDil": 1968800000,
    "link": "https://www.sec.gov/Archives/edgar/data/753308/000075330821000014/0000753308-21-000014-index.htm",
    "finalLink": "https://www.sec.gov/Archives/edgar/data/37634/000075330821000014/nee-20201231.htm"
  },
  {
    "date": "2019-12-31",
    "symbol": "NEE",
    "reportedCurrency": "USD",
    "cik": "0000753308",
    "fillingDate": "2020-02-14",
    "acceptedDate": "2020-02-14 15:24:19",
    "calendarYear": "2019",
    "period": "FY",
    "revenue": 19204000000,
    "costOfRevenue": 8003000000,
    "grossProfit": 11201000000,
    "grossProfitRatio": 0.5832639034,
    "researchAndDevelopmentExpenses": 0,
    "generalAndAdministrativeExpenses": 0,
    "sellingAndMarketingExpenses": 0,
    "sellingGeneralAndAdministrativeExpenses": 185000000,
    "otherExpenses": 5913000000,
    "operatingExpenses": 5913000000,
    "costAndExpenses": 13916000000,
    "interestIncome": 54000000,
    "interestExpense": 2249000000,
    "depreciationAndAmortization": 4478000000,
    "ebitda": 9821000000,
    "ebitdaratio": 0.5114038742,
    "operatingIncome": 5353000000,
    "operatingIncomeRatio": 0.2787440117,
    "totalOtherIncomeExpensesNet": -1517000000,
    "incomeBeforeTax": 3836000000,
    "incomeBeforeTaxRatio": 0.1997500521,
    "incomeTaxExpense": 448000000,
    "netIncome": 3769000000,
    "netIncomeRatio": 0.1962611956,
    "eps": 1.95,
    "epsdiluted": 1.94,
    "weightedAverageShsOut": 1928000000,
    "weightedAverageShsOutDil": 1942000000,
    "link": "https://www.sec.gov/Archives/edgar/data/37634/000075330820000021/0000753308-20-000021-index.html",
    "finalLink": "https://www.sec.gov/Archives/edgar/data/37634/000075330820000021/nee-12312019x10k.htm"
  },
  {
    "date": "2018-12-31",
    "symbol": "NEE",
    "reportedCurrency": "USD",
    "cik": "0000753308",
    "fillingDate": "2019-02-15",
    "acceptedDate": "2019-02-15 17:22:00",
    "calendarYear": "2018",
    "period": "FY",
    "revenue": 16727000000,
    "costOfRevenue": 7062000000,
    "grossProfit": 9665000000,
    "grossProfitRatio": 0.5778083338,
    "researchAndDevelopmentExpenses": 0,
    "generalAndAdministrativeExpenses": 0,
    "sellingAndMarketingExpenses": 0,
    "sellingGeneralAndAdministrativeExpenses": 168000000,
    "otherExpenses": 213000000,
    "operatingExpenses": 5419000000,
    "costAndExpenses": 12481000000,
    "interestIncome": 51000000,
    "interestExpense": 1498000000,
    "depreciationAndAmortization": 4147000000,
    "ebitda": 12715000000,
    "ebitdaratio": 0.7601482633,
    "operatingIncome": 4280000000,
    "operatingIncomeRatio": 0.2558737371,
    "totalOtherIncomeExpensesNet": 3072000000,
    "incomeBeforeTax": 7352000000,
    "incomeBeforeTaxRatio": 0.4395289054,
    "incomeTaxExpense": 1576000000,
    "netIncome": 6638000000,
    "netIncomeRatio": 0.3968434268,
    "eps": 3.51,
    "epsdiluted": 3.47,
    "weightedAverageShsOut": 1892800000,
    "weightedAverageShsOutDil": 1912000000,
    "link": "https://www.sec.gov/Archives/edgar/data/753308/000075330819000039/0000753308-19-000039-index.htm",
    "finalLink": "https://www.sec.gov/Archives/edgar/data/37634/000075330819000039/nee-12312018x10k.htm"
  },
  {
    "date": "2017-12-31",
    "symbol": "NEE",
    "reportedCurrency": "USD",
    "cik": "0000753308",
    "fillingDate": "2018-02-16",
    "acceptedDate": "2018-02-16 15:44:58",
    "calendarYear": "2017",
    "period": "FY",
    "revenue": 17195000000,
    "costOfRevenue": 7398000000,
    "grossProfit": 9797000000,
    "grossProfitRatio": 0.5697586508,
    "researchAndDevelopmentExpenses": 0,
    "generalAndAdministrativeExpenses": 0,
    "sellingAndMarketingExpenses": 0,
    "sellingGeneralAndAdministrativeExpenses": 151000000,
    "otherExpenses": -774000000,
    "operatingExpenses": 3812000000,
    "costAndExpenses": 11210000000,
    "interestIncome": 81000000,
    "interestExpense": 1558000000,
    "depreciationAndAmortization": 2638000000,
    "ebitda": 8565000000,
    "ebitdaratio": 0.4981099157,
    "operatingIncome": 5326000000,
    "operatingIncomeRatio": 0.3097412038,
    "totalOtherIncomeExpensesNet": -1320000000,
    "incomeBeforeTax": 4667000000,
    "incomeBeforeTaxRatio": 0.2714161093,
    "incomeTaxExpense": -653000000,
    "netIncome": 5378000000,
    "netIncomeRatio": 0.3127653388,
    "eps": 2.85,
    "epsdiluted": 2.84,
    "weightedAverageShsOut": 1884000000,
    "weightedAverageShsOutDil": 1892000000,
    "link": "https://www.sec.gov/Archives/edgar/data/753308/000075330818000013/0000753308-18-000013-index.htm",
    "finalLink": "https://www.sec.gov/Archives/edgar/data/37634/000075330818000013/nee-12312017x10k.htm"
  },
  {
    "date": "2016-12-31",
    "symbol": "NEE",
    "reportedCurrency": "USD",
    "cik": "0000753308",
    "fillingDate": "2017-02-23",
    "acceptedDate": "2017-02-23 15:57:53",
    "calendarYear": "2016",
    "period": "FY",
    "revenue": 16155000000,
    "costOfRevenue": 7431000000,
    "grossProfit": 8724000000,
    "grossProfitRatio": 0.5400185701,
    "researchAndDevelopmentExpenses": 0,
    "generalAndAdministrativeExpenses": 0,
    "sellingAndMarketingExpenses": 0,
    "sellingGeneralAndAdministrativeExpenses": 144000000,
    "otherExpenses": 351000000,
    "operatingExpenses": 4427000000,
    "costAndExpenses": 11858000000,
    "interestIncome": 82000000,
    "interestExpense": 1093000000,
    "depreciationAndAmortization": 3377000000,
    "ebitda": 9016000000,
    "ebitdaratio": 0.5580934695,
    "operatingIncome": 4608000000,
    "operatingIncomeRatio": 0.2852367688,
    "totalOtherIncomeExpensesNet": -220000000,
    "incomeBeforeTax": 4388000000,
    "incomeBeforeTaxRatio": 0.2716186939,
    "incomeTaxExpense": 1383000000,
    "netIncome": 2912000000,
    "netIncomeRatio": 0.1802537914,
    "eps": 1.56,
    "epsdiluted": 1.56,
    "weightedAverageShsOut": 1863680000,
    "weightedAverageShsOutDil": 1864000000,
    "link": "https://www.sec.gov/Archives/edgar/data/753308/000075330817000060/0000753308-17-000060-index.htm",
    "finalLink": "https://www.sec.gov/Archives/edgar/data/37634/000075330817000060/nee-12312016x10k.htm"
  },
  {
    "date": "2015-12-31",
    "symbol": "NEE",
    "reportedCurrency": "USD",
    "cik": "0000753308",
    "fillingDate": "2016-02-22",
    "acceptedDate": "2016-02-19 17:37:18",
    "calendarYear": "2015",
    "period": "FY",
    "revenue": 17486000000,
    "costOfRevenue": 8596000000,
    "grossProfit": 8890000000,
    "grossProfitRatio": 0.5084067254,
    "researchAndDevelopmentExpenses": 0,
    "generalAndAdministrativeExpenses": 0,
    "sellingAndMarketingExpenses": 0,
    "sellingGeneralAndAdministrativeExpenses": 0,
    "otherExpenses": 256000000,
    "operatingExpenses": 4230000000,
    "costAndExpenses": 12826000000,
    "interestIncome": 86000000,
    "interestExpense": 1211000000,
    "depreciationAndAmortization": 3203000000,
    "ebitda": 8317000000,
    "ebitdaratio": 0.475637653,
    "operatingIncome": 4632000000,
    "operatingIncomeRatio": 0.2648976324,
    "totalOtherIncomeExpensesNet": -642000000,
    "incomeBeforeTax": 3990000000,
    "incomeBeforeTaxRatio": 0.228182546,
    "incomeTaxExpense": 1228000000,
    "netIncome": 2752000000,
    "netIncomeRatio": 0.1573830493,
    "eps": 1.49,
    "epsdiluted": 1.49,
    "weightedAverageShsOut": 1816501650,
    "weightedAverageShsOutDil": 1844000000,
    "link": "https://www.sec.gov/Archives/edgar/data/753308/000075330816000337/0000753308-16-000337-index.htm",
    "finalLink": "https://www.sec.gov/Archives/edgar/data/37634/000075330816000337/nee-12312015x10k.htm"
  }
]