[
  {
    "date": "2025-02-28",
    "symbol": "ORCL",
    "reportedCurrency": "USD",
    "cik": "0001341439",
    "fillingDate": "2025-03-11",
    "acceptedDate": "2025-03-11 16:11:43",
    "calendarYear": "2025",
    "period": "Q3",
    "revenue": 14130000000,
    "costOfRevenue": 4195000000,
    "grossProfit": 9935000000,
    "grossProfitRatio": 0.703113942,
    "researchAndDevelopmentExpenses": 2429000000,
    "generalAndAdministrativeExpenses": 390000000,
    "sellingAndMarketingExpenses": 2119000000,
    "sellingGeneralAndAdministrativeExpenses": 2509000000,
    "otherExpenses": 639000000,
    "operatingExpenses": 5577000000,
    "costAndExpenses": 9772000000,
    "interestIncome": 0,
    "interestExpense": 0,
    "depreciationAndAmortization": 1879000000,
    "ebitda": 6328000000,
    "ebitdaratio": 0.447841472,
    "operatingIncome": 4358000000,
    "operatingIncomeRatio": 0.3084217976,
    "totalOtherIncomeExpensesNet": -910000000,
    "incomeBeforeTax": 3448000000,
    "incomeBeforeTaxRatio": 0.244019816,
    "incomeTaxExpense": 512000000,
    "netIncome": 2936000000,
    "netIncomeRatio": 0.2077848549,
    "eps": 1.05,
    "epsdiluted": 1.02,
    "weightedAverageShsOut": 2878431372,
    "weightedAverageShsOutDil": 2874000000,
    "link": "https://www.sec.gov/Archives/edgar/data/1341439/000095017025037143/0000950170-25-037143-index.htm",
    "finalLink": "https://www.sec.gov/Archives/edgar/data/1341439/000095017025037143/orcl-20250228.htm"
  },
  {
    "date": "2024-11-30",
    "symbol": "ORCL",
    "reportedCurrency": "USD",
    "cik": "0001341439",
    "fillingDate": "2024-12-10",
    "acceptedDate": "2024-12-10 16:11:21",
    "calendarYear": "2025",
    "period": "Q2",
    "revenue": 14059000000,
    "costOfRevenue": 4085000000,
    "grossProfit": 9974000000,
    "grossProfitRatio": 0.7094387937,
    "researchAndDevelopmentExpenses": 2634000000,
    "generalAndAdministrativeExpenses": 387000000,
    "sellingAndMarketingExpenses": 2190000000,
    "sellingGeneralAndAdministrativeExpenses": 2577000000,
    "otherExpenses": 543000000,
    "operatingExpenses": 5754000000,
    "costAndExpenses": 9839000000,
    "interestIncome": 149000000,
    "interestExpense": 866000000,
    "depreciationAndAmortization": 1336000000,
    "ebitda": 5640000000,
    "ebitdaratio": 0.4011665126,
    "operatingIncome": 4220000000,
    "operatingIncomeRatio": 0.3001635963,
    "totalOtherIncomeExpensesNet": -830000000,
    "incomeBeforeTax": 3390000000,
    "incomeBeforeTaxRatio": 0.2411266804,
    "incomeTaxExpense": 239000000,
    "netIncome": 3151000000,
    "netIncomeRatio": 0.2241268938,
    "eps": 1.13,
    "epsdiluted": 1.1,
    "weightedAverageShsOut": 2790000000,
    "weightedAverageShsOutDil": 2869000000,
    "link": "https://www.sec.gov/Archives/edgar/data/1341439/000095017024134973/0000950170-24-134973-index.htm",
    "finalLink": "https://www.sec.gov/Archives/edgar/data/1341439/000095017024134973/orcl-20241130.htm"
  },
  {
    "date": "2024-08-31",
    "symbol": "ORCL",
    "reportedCurrency": "USD",
    "cik": "0001341439",
    "fillingDate": "2024-09-10",
    "acceptedDate": "2024-09-10 06:05:11",
    "calendarYear": "2025",
    "period": "Q1",
    "revenue": 13307000000,
    "costOfRevenue": 3906000000,
    "grossProfit": 9401000000,
    "grossProfitRatio": 0.7064702788,
    "researchAndDevelopmentExpenses": 2306000000,
    "generalAndAdministrativeExpenses": 358000000,
    "sellingAndMarketingExpenses": 2036000000,
    "sellingGeneralAndAdministrativeExpenses": 2394000000,
    "otherExpenses": 710000000,
    "operatingExpenses": 5410000000,
    "costAndExpenses": 9316000000,
    "interestIncome": 133000000,
    "interestExpense": 842000000,
    "depreciationAndAmortization": 1428000000,
    "ebitda": 5482000000,
    "ebitdaratio": 0.4119636282,
    "operatingIncome": 3991000000,
    "operatingIncomeRatio": 0.2999173367,
    "totalOtherIncomeExpensesNet": -822000000,
    "incomeBeforeTax": 3169000000,
    "incomeBeforeTaxRatio": 0.238145337,
    "incomeTaxExpense": 240000000,
    "netIncome": 2929000000,
    "netIncomeRatio": 0.2201097167,
    "eps": 1.06,
    "epsdiluted": 1.03,
    "weightedAverageShsOut": 2761000000,
    "weightedAverageShsOutDil": 2851000000,
    "link": "https://www.sec.gov/Archives/edgar/data/1341439/000095017024104905/0000950170-24-104905-index.htm",
    "finalLink": "https://www.sec.gov/Archives/edgar/data/1341439/000095017024104905/orcl-20240831.htm"
  },
  {
    "date": "2024-05-31",
    "symbol": "ORCL",
    "reportedCurrency": "USD",
    "cik": "0001341439",
    "fillingDate": "2024-06-20",
    "acceptedDate": "2024-06-20 16:21:35",
    "calendarYear": "2024",
    "period": "Q4",
    "revenue": 14287000000,
    "costOfRevenue": 4666000000,
    "grossProfit": 9621000000,
    "grossProfitRatio": 0.6734093932,
    "researchAndDevelopmentExpenses": 2226000000,
    "generalAndAdministrativeExpenses": 402000000,
    "sellingAndMarketingExpenses": 2113000000,
    "sellingGeneralAndAdministrativeExpenses": 2516000000,
    "otherExpenses": 28000000,
    "operatingExpenses": 4742000000,
    "costAndExpenses": 9408000000,
    "interestIncome": 71000000,
    "interestExpense": 878000000,
    "depreciationAndAmortization": 1554000000,
    "ebitda": 6270000000,
    "ebitdaratio": 0.4388605026,
    "operatingIncome": 4879000000,
    "operatingIncomeRatio": 0.3414992651,
    "totalOtherIncomeExpensesNet": -904000000,
    "incomeBeforeTax": 3838000000,
    "incomeBeforeTaxRatio": 0.2686358228,
    "incomeTaxExpense": 639000000,
    "netIncome": 3144000000,
    "netIncomeRatio": 0.2200601946,
    "eps": 1.14,
    "epsdiluted": 1.11,
    "weightedAverageShsOut": 2753000000,
    "weightedAverageShsOutDil": 2834000000,
    "link": "https://www.sec.gov/Archives/edgar/data/1341439/000095017024075605/0000950170-24-075605-index.htm",
    "finalLink": "https://www.sec.gov/Archives/edgar/data/1341439/000095017024075605/orcl-20240531.htm"
  },
  {
    "date": "2024-02-29",
    "symbol": "ORCL",
    "reportedCurrency": "USD",
    "cik": "0001341439",
    "fillingDate": "2024-03-12",
    "acceptedDate": "2024-03-12 16:05:03",
    "calendarYear": "2024",
    "period": "Q3",
    "revenue": 13280000000,
    "costOfRevenue": 3869000000,
    "grossProfit": 9411000000,
    "grossProfitRatio": 0.7086596386,
    "researchAndDevelopmentExpenses": 2248000000,
    "generalAndAdministrativeExpenses": 377000000,
    "sellingAndMarketingExpenses": 2042000000,
    "sellingGeneralAndAdministrativeExpenses": 2419000000,
    "otherExpenses": 84000000,
    "operatingExpenses": 5416000000,
    "costAndExpenses": 9285000000,
    "interestIncome": 111000000,
    "interestExpense": 876000000,
    "depreciationAndAmortization": 1557000000,
    "ebitda": 5349000000,
    "ebitdaratio": 0.4027861446,
    "operatingIncome": 3750000000,
    "operatingIncomeRatio": 0.2823795181,
    "totalOtherIncomeExpensesNet": -885000000,
    "incomeBeforeTax": 2865000000,
    "incomeBeforeTaxRatio": 0.2157379518,
    "incomeTaxExpense": 464000000,
    "netIncome": 2401000000,
    "netIncomeRatio": 0.1807981928,
    "eps": 0.87,
    "epsdiluted": 0.85,
    "weightedAverageShsOut": 2748000000,
    "weightedAverageShsOutDil": 2819000000,
    "link": "https://www.sec.gov/Archives/edgar/data/1341439/000095017024029904/0000950170-24-029904-index.htm",
    "finalLink": "https://www.sec.gov/Archives/edgar/data/1341439/000095017024029904/orcl-20240229.htm"
  },
  {
    "date": "2023-11-30",
    "symbol": "ORCL",
    "reportedCurrency": "USD",
    "cik": "0001341439",
    "fillingDate": "2023-12-12",
    "acceptedDate": "2023-12-12 16:04:41",
    "calendarYear": "2024",
    "period": "Q2",
    "revenue": 12941000000,
    "costOfRevenue": 3740000000,
    "grossProfit": 9201000000,
    "grossProfitRatio": 0.710996059,
    "researchAndDevelopmentExpenses": 2226000000,
    "generalAndAdministrativeExpenses": 375000000,
    "sellingAndMarketingExpenses": 2093000000,
    "sellingGeneralAndAdministrativeExpenses": 2468000000,
    "otherExpenses": -14000000,
    "operatingExpenses": 5449000000,
    "costAndExpenses": 9189000000,
    "interestIncome": 133000000,
    "interestExpense": 888000000,
    "depreciationAndAmortization": 1553000000,
    "ebitda": 5202000000,
    "ebitdaratio": 0.4019782088,
    "operatingIncome": 3622000000,
    "operatingIncomeRatio": 0.2798856348,
    "totalOtherIncomeExpensesNet": -902000000,
    "incomeBeforeTax": 2720000000,
    "incomeBeforeTaxRatio": 0.2101846843,
    "incomeTaxExpense": 217000000,
    "netIncome": 2503000000,
    "netIncomeRatio": 0.1934162739,
    "eps": 0.91,
    "epsdiluted": 0.89,
    "weightedAverageShsOut": 2746000000,
    "weightedAverageShsOutDil": 2817000000,
    "link": "https://www.sec.gov/Archives/edgar/data/1341439/000095017023069682/0000950170-23-069682-index.htm",
    "finalLink": "https://www.sec.gov/Archives/edgar/data/1341439/000095017023069682/orcl-20231130.htm"
  },
  {
    "date": "2023-08-31",
    "symbol": "ORCL",
    "reportedCurrency": "USD",
    "cik": "0001341439",
    "fillingDate": "2023-09-12",
    "acceptedDate": "2023-09-12 16:08:07",
    "calendarYear": "2024",
    "period": "Q1",
    "revenue": 12453000000,
    "costOfRevenue": 3610000000,
    "grossProfit": 8843000000,
    "grossProfitRatio": 0.7101100137,
    "researchAndDevelopmentExpenses": 2384000000,
    "generalAndAdministrativeExpenses": 393000000,
    "sellingAndMarketingExpenses": 2026000000,
    "sellingGeneralAndAdministrativeExpenses": 2419000000,
    "otherExpenses": -49000000,
    "operatingExpenses": 5732000000,
    "costAndExpenses": 9342000000,
    "interestIncome": 136000000,
    "interestExpense": 872000000,
    "depreciationAndAmortization": 1475000000,
    "ebitda": 4759000000,
    "ebitdaratio": 0.38215691,
    "operatingIncome": 3441000000,
    "operatingIncomeRatio": 0.2763189593,
    "totalOtherIncomeExpensesNet": -921000000,
    "incomeBeforeTax": 2375000000,
    "incomeBeforeTaxRatio": 0.1907170963,
    "incomeTaxExpense": 45000000,
    "netIncome": 2420000000,
    "netIncomeRatio": 0.1943306834,
    "eps": 0.89,
    "epsdiluted": 0.86,
    "weightedAverageShsOut": 2728000000,
    "weightedAverageShsOutDil": 2823000000,
    "link": "https://www.sec.gov/Archives/edgar/data/1341439/000095017023047713/0000950170-23-047713-index.htm",
    "finalLink": "https://www.sec.gov/Archives/edgar/data/1341439/000095017023047713/orcl-20230831.htm"
  },
  {
    "date": "2023-05-31",
    "symbol": "ORCL",
    "reportedCurrency": "USD",
    "cik": "0001341439",
    "fillingDate": "2023-06-20",
    "acceptedDate": "2023-06-20 16:06:29",
    "calendarYear": "2023",
    "period": "Q4",
    "revenue": 13836000000,
    "costOfRevenue": 3730000000,
    "grossProfit": 10106000000,
    "grossProfitRatio": 0.7304134143,
    "researchAndDevelopmentExpenses": 2397000000,
    "generalAndAdministrativeExpenses": 400000000,
    "sellingAndMarketingExpenses": 2289000000,
    "sellingGeneralAndAdministrativeExpenses": 2689000000,
    "otherExpenses": -76000000,
    "operatingExpenses": 6147000000,
    "costAndExpenses": 9877000000,
    "interestIncome": 105000000,
    "interestExpense": 955000000,
    "depreciationAndAmortization": 1586000000,
    "ebitda": 5695000000,
    "ebitdaratio": 0.411607401,
    "operatingIncome": 4296000000,
    "operatingIncomeRatio": 0.3104943625,
    "totalOtherIncomeExpensesNet": -1031000000,
    "incomeBeforeTax": 3109000000,
    "incomeBeforeTaxRatio": 0.2247036716,
    "incomeTaxExpense": 210000000,
    "netIncome": 3319000000,
    "netIncomeRatio": 0.2398814686,
    "eps": 1.23,
    "epsdiluted": 1.19,
    "weightedAverageShsOut": 2707000000,
    "weightedAverageShsOutDil": 2796000000,
    "link": "https://www.sec.gov/Archives/edgar/data/1341439/000095017023028914/0000950170-23-028914-index.htm",
    "finalLink": "https://www.sec.gov/Archives/edgar/data/1341439/000095017023028914/orcl-20230531.htm"
  },
  {
    "date": "2023-02-28",
    "symbol": "ORCL",
    "reportedCurrency": "USD",
    "cik": "0001341439",
    "fillingDate": "2023-03-10",
    "acceptedDate": "2023-03-10 16:06:25",
    "calendarYear": "2023",
    "period": "Q3",
    "revenue": 12398000000,
    "costOfRevenue": 3439000000,
    "grossProfit": 8959000000,
    "grossProfitRatio": 0.7226165511,
    "researchAndDevelopmentExpenses": 2319000000,
    "generalAndAdministrativeExpenses": 402000000,
    "sellingAndMarketingExpenses": 2150000000,
    "sellingGeneralAndAdministrativeExpenses": 2552000000,
    "otherExpenses": -375000000,
    "operatingExpenses": 5923000000,
    "costAndExpenses": 9362000000,
    "interestIncome": 90000000,
    "interestExpense": 907000000,
    "depreciationAndAmortization": 1558000000,
    "ebitda": 4725000000,
    "ebitdaratio": 0.3811098564,
    "operatingIncome": 3355000000,
    "operatingIncomeRatio": 0.2706081626,
    "totalOtherIncomeExpensesNet": -1042000000,
    "incomeBeforeTax": 2218000000,
    "incomeBeforeTaxRatio": 0.1788998226,
    "incomeTaxExpense": 322000000,
    "netIncome": 1896000000,
    "netIncomeRatio": 0.1529278916,
    "eps": 0.7,
    "epsdiluted": 0.68,
    "weightedAverageShsOut": 2698000000,
    "weightedAverageShsOutDil": 2776000000,
    "link": "https://www.sec.gov/Archives/edgar/data/1341439/000156459023003413/0001564590-23-003413-index.htm",
    "finalLink": "https://www.sec.gov/Archives/edgar/data/1341439/000156459023003413/orcl-10q_20230228.htm"
  },
  {
    "date": "2022-11-30",
    "symbol": "ORCL",
    "reportedCurrency": "USD",
    "cik": "0001341439",
    "fillingDate": "2022-12-13",
    "acceptedDate": "2022-12-13 16:07:10",
    "calendarYear": "2023",
    "period": "Q2",
    "revenue": 12275000000,
    "costOfRevenue": 3358000000,
    "grossProfit": 8917000000,
    "grossProfitRatio": 0.7264358452,
    "researchAndDevelopmentExpenses": 2373000000,
    "generalAndAdministrativeExpenses": 366000000,
    "sellingAndMarketingExpenses": 2216000000,
    "sellingGeneralAndAdministrativeExpenses": 2582000000,
    "otherExpenses": -228000000,
    "operatingExpenses": 5969000000,
    "costAndExpenses": 9327000000,
    "interestIncome": 52000000,
    "interestExpense": 856000000,
    "depreciationAndAmortization": 1498000000,
    "ebitda": 4539000000,
    "ebitdaratio": 0.3697759674,
    "operatingIncome": 3232000000,
    "operatingIncomeRatio": 0.263299389,
    "totalOtherIncomeExpensesNet": -927000000,
    "incomeBeforeTax": 2144000000,
    "incomeBeforeTaxRatio": 0.1746639511,
    "incomeTaxExpense": 403000000,
    "netIncome": 1741000000,
    "netIncomeRatio": 0.1418329939,
    "eps": 0.65,
    "epsdiluted": 0.63,
    "weightedAverageShsOut": 2695000000,
    "weightedAverageShsOutDil": 2746000000,
    "link": "https://www.sec.gov/Archives/edgar/data/1341439/000156459022039278/0001564590-22-039278-index.htm",
    "finalLink": "https://www.sec.gov/Archives/edgar/data/1341439/000156459022039278/orcl-10q_20221130.htm"
  },
  {
    "date": "2022-08-31",
    "symbol": "ORCL",
    "reportedCurrency": "USD",
    "cik": "0001341439",
    "fillingDate": "2022-09-13",
    "acceptedDate": "2022-09-13 16:12:07",
    "calendarYear": "2023",
    "period": "Q1",
    "revenue": 11445000000,
    "costOfRevenue": 3037000000,
    "grossProfit": 8408000000,
    "grossProfitRatio": 0.7346439493,
    "researchAndDevelopmentExpenses": 2326000000,
    "generalAndAdministrativeExpenses": 411000000,
    "sellingAndMarketingExpenses": 2177000000,
    "sellingGeneralAndAdministrativeExpenses": 2588000000,
    "otherExpenses": -180000000,
    "operatingExpenses": 6003000000,
    "costAndExpenses": 9040000000,
    "interestIncome": 38000000,
    "interestExpense": 787000000,
    "depreciationAndAmortization": 1466000000,
    "ebitda": 3947000000,
    "ebitdaratio": 0.344866754,
    "operatingIncome": 2789000000,
    "operatingIncomeRatio": 0.2436871997,
    "totalOtherIncomeExpensesNet": -967000000,
    "incomeBeforeTax": 1656000000,
    "incomeBeforeTaxRatio": 0.1446920052,
    "incomeTaxExpense": 108000000,
    "netIncome": 1548000000,
    "netIncomeRatio": 0.1352555701,
    "eps": 0.58,
    "epsdiluted": 0.56,
    "weightedAverageShsOut": 2685000000,
    "weightedAverageShsOutDil": 2747000000,
    "link": "https://www.sec.gov/Archives/edgar/data/1341439/000156459022031545/0001564590-22-031545-index.htm",
    "finalLink": "https://www.sec.gov/Archives/edgar/data/1341439/000156459022031545/orcl-10q_20220831.htm"
  },
  {
    "date": "2022-05-31",
    "symbol": "ORCL",
    "reportedCurrency": "USD",
    "cik": "0001341439",
    "fillingDate": "2022-06-21",
    "acceptedDate": "2022-06-21 08:04:37",
    "calendarYear": "2022",
    "period": "Q4",
    "revenue": 11840000000,
    "costOfRevenue": 2396000000,
    "grossProfit": 9444000000,
    "grossProfitRatio": 0.7976351351,
    "researchAndDevelopmentExpenses": 1965000000,
    "generalAndAdministrativeExpenses": 364000000,
    "sellingAndMarketingExpenses": 2238000000,
    "sellingGeneralAndAdministrativeExpenses": 2602000000,
    "otherExpenses": -175000000,
    "operatingExpenses": 4835000000,
    "costAndExpenses": 7231000000,
    "interestIncome": 38000000,
    "interestExpense": 704000000,
    "depreciationAndAmortization": 831000000,
    "ebitda": 5213000000,
    "ebitdaratio": 0.4402871622,
    "operatingIncome": 4503000000,
    "operatingIncomeRatio": 0.3803209459,
    "totalOtherIncomeExpensesNet": -878000000,
    "incomeBeforeTax": 3624000000,
    "incomeBeforeTaxRatio": 0.3060810811,
    "incomeTaxExpense": 435000000,
    "netIncome": 3189000000,
    "netIncomeRatio": 0.2693412162,
    "eps": 1.2,
    "epsdiluted": 1.16,
    "weightedAverageShsOut": 2667000000,
    "weightedAverageShsOutDil": 2742000000,
    "link": "https://www.sec.gov/Archives/edgar/data/1341439/000156459022023675/0001564590-22-023675-index.htm",
    "finalLink": "https://www.sec.gov/Archives/edgar/data/1341439/000156459022023675/orcl-10k_20220531.htm"
  },
  {
    "date": "2022-02-28",
    "symbol": "ORCL",
    "reportedCurrency": "USD",
    "cik": "0001341439",
    "fillingDate": "2022-03-11",
    "acceptedDate": "2022-03-11 16:14:54",
    "calendarYear": "2022",
    "period": "Q3",
    "revenue": 10513000000,
    "costOfRevenue": 2218000000,
    "grossProfit": 8295000000,
    "grossProfitRatio": 0.7890231142,
    "researchAndDevelopmentExpenses": 1928000000,
    "generalAndAdministrativeExpenses": 335000000,
    "sellingAndMarketingExpenses": 2004000000,
    "sellingGeneralAndAdministrativeExpenses": 2339000000,
    "otherExpenses": -444000000,
    "operatingExpenses": 4804000000,
    "costAndExpenses": 7022000000,
    "interestIncome": 16000000,
    "interestExpense": 667000000,
    "depreciationAndAmortization": 775000000,
    "ebitda": 4324000000,
    "ebitdaratio": 0.4113002949,
    "operatingIncome": 3848000000,
    "operatingIncomeRatio": 0.3660230191,
    "totalOtherIncomeExpensesNet": -982000000,
    "incomeBeforeTax": 2840000000,
    "incomeBeforeTaxRatio": 0.2701417293,
    "incomeTaxExpense": 521000000,
    "netIncome": 2319000000,
    "netIncomeRatio": 0.2205840388,
    "eps": 0.84,
    "epsdiluted": 0.84,
    "weightedAverageShsOut": 2668000000,
    "weightedAverageShsOutDil": 2754000000,
    "link": "https://www.sec.gov/Archives/edgar/data/1341439/000156459022009859/0001564590-22-009859-index.htm",
    "finalLink": "https://www.sec.gov/Archives/edgar/data/1341439/000156459022009859/orcl-10q_20220228.htm"
  },
  {
    "date": "2021-11-30",
    "symbol": "ORCL",
    "reportedCurrency": "USD",
    "cik": "0001341439",
    "fillingDate": "2021-12-10",
    "acceptedDate": "2021-12-10 16:12:50",
    "calendarYear": "2022",
    "period": "Q2",
    "revenue": 10360000000,
    "costOfRevenue": 2159000000,
    "grossProfit": 8201000000,
    "grossProfitRatio": 0.7916023166,
    "researchAndDevelopmentExpenses": 1879000000,
    "generalAndAdministrativeExpenses": 319000000,
    "sellingAndMarketingExpenses": 1954000000,
    "sellingGeneralAndAdministrativeExpenses": 2273000000,
    "otherExpenses": 7000000,
    "operatingExpenses": 9039000000,
    "costAndExpenses": 11198000000,
    "interestIncome": 21000000,
    "interestExpense": 679000000,
    "depreciationAndAmortization": 758000000,
    "ebitda": -58000000,
    "ebitdaratio": -0.0055984556,
    "operatingIncome": 3911000000,
    "operatingIncomeRatio": 0.3775096525,
    "totalOtherIncomeExpensesNet": -672000000,
    "incomeBeforeTax": -1496000000,
    "incomeBeforeTaxRatio": -0.1444015444,
    "incomeTaxExpense": 249000000,
    "netIncome": -1247000000,
    "netIncomeRatio": -0.1203667954,
    "eps": -0.46,
    "epsdiluted": -0.46,
    "weightedAverageShsOut": 2694000000,
    "weightedAverageShsOutDil": 2694002765,
    "link": "https://www.sec.gov/Archives/edgar/data/1341439/000156459021060022/0001564590-21-060022-index.htm",
    "finalLink": "https://www.sec.gov/Archives/edgar/data/1341439/000156459021060022/orcl-10q_20211130.htm"
  },
  {
    "date": "2021-08-31",
    "symbol": "ORCL",
    "reportedCurrency": "USD",
    "cik": "0001341439",
    "fillingDate": "2021-09-13",
    "acceptedDate": "2021-09-13 17:23:09",
    "calendarYear": "2022",
    "period": "Q1",
    "revenue": 9728000000,
    "costOfRevenue": 2103000000,
    "grossProfit": 7625000000,
    "grossProfitRatio": 0.7838199013,
    "researchAndDevelopmentExpenses": 1811000000,
    "generalAndAdministrativeExpenses": 298000000,
    "sellingAndMarketingExpenses": 1854000000,
    "sellingGeneralAndAdministrativeExpenses": 2152000000,
    "otherExpenses": 21000000,
    "operatingExpenses": 4198000000,
    "costAndExpenses": 6301000000,
    "interestIncome": 20000000,
    "interestExpense": 705000000,
    "depreciationAndAmortization": 757000000,
    "ebitda": 4190000000,
    "ebitdaratio": 0.4307154605,
    "operatingIncome": 3470000000,
    "operatingIncomeRatio": 0.3567023026,
    "totalOtherIncomeExpensesNet": -746000000,
    "incomeBeforeTax": 2681000000,
    "incomeBeforeTaxRatio": 0.2755962171,
    "incomeTaxExpense": 224000000,
    "netIncome": 2457000000,
    "netIncomeRatio": 0.2525699013,
    "eps": 0.89,
    "epsdiluted": 0.86,
    "weightedAverageShsOut": 2856976744,
    "weightedAverageShsOutDil": 2861000000,
    "link": "https://www.sec.gov/Archives/edgar/data/1341439/000156459021047772/0001564590-21-047772-index.htm",
    "finalLink": "https://www.sec.gov/Archives/edgar/data/1341439/000156459021047772/orcl-10q_20210831.htm"
  },
  {
    "date": "2021-05-31",
    "symbol": "ORCL",
    "reportedCurrency": "USD",
    "cik": "0001341439",
    "fillingDate": "2021-06-21",
    "acceptedDate": "2021-06-21 16:10:31",
    "calendarYear": "2021",
    "period": "Q4",
    "revenue": 11227000000,
    "costOfRevenue": 2122000000,
    "grossProfit": 9105000000,
    "grossProfitRatio": 0.8109913601,
    "researchAndDevelopmentExpenses": 1859000000,
    "generalAndAdministrativeExpenses": 305000000,
    "sellingAndMarketingExpenses": 2077000000,
    "sellingGeneralAndAdministrativeExpenses": 2382000000,
    "otherExpenses": 313000000,
    "operatingExpenses": 4273000000,
    "costAndExpenses": 6395000000,
    "interestIncome": 21000000,
    "interestExpense": 697000000,
    "depreciationAndAmortization": 752000000,
    "ebitda": 5659000000,
    "ebitdaratio": 0.50405273,
    "operatingIncome": 4637000000,
    "operatingIncomeRatio": 0.4130221787,
    "totalOtherIncomeExpensesNet": -385000000,
    "incomeBeforeTax": 4156000000,
    "incomeBeforeTaxRatio": 0.3701790327,
    "incomeTaxExpense": 124000000,
    "netIncome": 4033000000,
    "netIncomeRatio": 0.359223301,
    "eps": 1.42,
    "epsdiluted": 1.37,
    "weightedAverageShsOut": 2943000000,
    "weightedAverageShsOutDil": 2949006758,
    "link": "https://www.sec.gov/Archives/edgar/data/1341439/000156459021033616/0001564590-21-033616-index.htm",
    "finalLink": "https://www.sec.gov/Archives/edgar/data/1341439/000156459021033616/orcl-10k_20210531.htm"
  },
  {
    "date": "2021-02-28",
    "symbol": "ORCL",
    "reportedCurrency": "USD",
    "cik": "0001341439",
    "fillingDate": "2021-03-11",
    "acceptedDate": "2021-03-11 16:26:29",
    "calendarYear": "2021",
    "period": "Q3",
    "revenue": 10085000000,
    "costOfRevenue": 1915000000,
    "grossProfit": 8170000000,
    "grossProfitRatio": 0.8101140307,
    "researchAndDevelopmentExpenses": 1782000000,
    "generalAndAdministrativeExpenses": 330000000,
    "sellingAndMarketingExpenses": 1915000000,
    "sellingGeneralAndAdministrativeExpenses": 2245000000,
    "otherExpenses": -17000000,
    "operatingExpenses": 4332000000,
    "costAndExpenses": 6247000000,
    "interestIncome": 23000000,
    "interestExpense": 585000000,
    "depreciationAndAmortization": 732000000,
    "ebitda": 4639000000,
    "ebitdaratio": 0.4599900843,
    "operatingIncome": 3947000000,
    "operatingIncomeRatio": 0.3913733267,
    "totalOtherIncomeExpensesNet": -602000000,
    "incomeBeforeTax": 3276000000,
    "incomeBeforeTaxRatio": 0.3248388696,
    "incomeTaxExpense": 1745000000,
    "netIncome": 5021000000,
    "netIncomeRatio": 0.497868121,
    "eps": 1.72,
    "epsdiluted": 1.68,
    "weightedAverageShsOut": 2988690476,
    "weightedAverageShsOutDil": 2994000000,
    "link": "https://www.sec.gov/Archives/edgar/data/1341439/000156459021012539/0001564590-21-012539-index.htm",
    "finalLink": "https://www.sec.gov/Archives/edgar/data/1341439/000156459021012539/orcl-10q_20210228.htm"
  },
  {
    "date": "2020-11-30",
    "symbol": "ORCL",
    "reportedCurrency": "USD",
    "cik": "0001341439",
    "fillingDate": "2020-12-11",
    "acceptedDate": "2020-12-11 16:11:40",
    "calendarYear": "2021",
    "period": "Q2",
    "revenue": 9800000000,
    "costOfRevenue": 1939000000,
    "grossProfit": 7861000000,
    "grossProfitRatio": 0.8021428571,
    "researchAndDevelopmentExpenses": 1759000000,
    "generalAndAdministrativeExpenses": 324000000,
    "sellingAndMarketingExpenses": 1836000000,
    "sellingGeneralAndAdministrativeExpenses": 2160000000,
    "otherExpenses": -11000000,
    "operatingExpenses": 4316000000,
    "costAndExpenses": 6255000000,
    "interestIncome": 27000000,
    "interestExpense": 600000000,
    "depreciationAndAmortization": 731000000,
    "ebitda": 4346000000,
    "ebitdaratio": 0.4434693878,
    "operatingIncome": 3680000000,
    "operatingIncomeRatio": 0.3755102041,
    "totalOtherIncomeExpensesNet": -611000000,
    "incomeBeforeTax": 2972000000,
    "incomeBeforeTaxRatio": 0.3032653061,
    "incomeTaxExpense": 530000000,
    "netIncome": 2442000000,
    "netIncomeRatio": 0.2491836735,
    "eps": 0.82,
    "epsdiluted": 0.8,
    "weightedAverageShsOut": 3046000000,
    "weightedAverageShsOutDil": 3052500000,
    "link": "https://www.sec.gov/Archives/edgar/data/1341439/000156459020056896/0001564590-20-056896-index.htm",
    "finalLink": "https://www.sec.gov/Archives/edgar/data/1341439/000156459020056896/orcl-10q_20201130.htm"
  },
  {
    "date": "2020-08-31",
    "symbol": "ORCL",
    "reportedCurrency": "USD",
    "cik": "0001341439",
    "fillingDate": "2020-09-15",
    "acceptedDate": "2020-09-14 17:34:48",
    "calendarYear": "2021",
    "period": "Q1",
    "revenue": 9367000000,
    "costOfRevenue": 1880000000,
    "grossProfit": 7487000000,
    "grossProfitRatio": 0.7992953987,
    "researchAndDevelopmentExpenses": 1747000000,
    "generalAndAdministrativeExpenses": 295000000,
    "sellingAndMarketingExpenses": 1854000000,
    "sellingGeneralAndAdministrativeExpenses": 2149000000,
    "otherExpenses": -2000000,
    "operatingExpenses": 4309000000,
    "costAndExpenses": 6189000000,
    "interestIncome": 31000000,
    "interestExpense": 614000000,
    "depreciationAndAmortization": 701000000,
    "ebitda": 3948000000,
    "ebitdaratio": 0.4214796626,
    "operatingIncome": 3388000000,
    "operatingIncomeRatio": 0.3616953133,
    "totalOtherIncomeExpensesNet": -616000000,
    "incomeBeforeTax": 2595000000,
    "incomeBeforeTaxRatio": 0.2770364044,
    "incomeTaxExpense": 344000000,
    "netIncome": 2251000000,
    "netIncomeRatio": 0.2403117327,
    "eps": 0.74,
    "epsdiluted": 0.72,
    "weightedAverageShsOut": 3107000000,
    "weightedAverageShsOutDil": 3126388888,
    "link": "https://www.sec.gov/Archives/edgar/data/1341439/000156459020043448/0001564590-20-043448-index.htm",
    "finalLink": "https://www.sec.gov/Archives/edgar/data/1341439/000156459020043448/orcl-10q_20200831.htm"
  },
  {
    "date": "2020-05-31",
    "symbol": "ORCL",
    "reportedCurrency": "USD",
    "cik": "0001341439",
    "fillingDate": "2020-06-22",
    "acceptedDate": "2020-06-22 16:25:49",
    "calendarYear": "2020",
    "period": "Q4",
    "revenue": 10439000000,
    "costOfRevenue": 1969000000,
    "grossProfit": 8470000000,
    "grossProfitRatio": 0.8113804004,
    "researchAndDevelopmentExpenses": 1653000000,
    "generalAndAdministrativeExpenses": 278000000,
    "sellingAndMarketingExpenses": 1959000000,
    "sellingGeneralAndAdministrativeExpenses": 2237000000,
    "otherExpenses": 182000000,
    "operatingExpenses": 4263000000,
    "costAndExpenses": 6232000000,
    "interestIncome": 70000000,
    "interestExpense": 579000000,
    "depreciationAndAmortization": 722000000,
    "ebitda": 4917000000,
    "ebitdaratio": 0.4710221286,
    "operatingIncome": 4369000000,
    "operatingIncomeRatio": 0.4185266788,
    "totalOtherIncomeExpensesNet": -612000000,
    "incomeBeforeTax": 3696000000,
    "incomeBeforeTaxRatio": 0.354056902,
    "incomeTaxExpense": 580000000,
    "netIncome": 3116000000,
    "netIncomeRatio": 0.2984960245,
    "eps": 1.01,
    "epsdiluted": 0.99,
    "weightedAverageShsOut": 3140014833,
    "weightedAverageShsOutDil": 3162000000,
    "link": "https://www.sec.gov/Archives/edgar/data/1341439/000156459020030125/0001564590-20-030125-index.htm",
    "finalLink": "https://www.sec.gov/Archives/edgar/data/1341439/000156459020030125/orcl-10k_20200531.htm"
  }
]