[
  {
    "date": "2024-05-31",
    "symbol": "ORCL",
    "reportedCurrency": "USD",
    "cik": "0001341439",
    "fillingDate": "2024-06-20",
    "acceptedDate": "2024-06-20 16:21:35",
    "calendarYear": "2024",
    "period": "FY",
    "revenue": 52961000000,
    "costOfRevenue": 15143000000,
    "grossProfit": 37818000000,
    "grossProfitRatio": 0.7140726195,
    "researchAndDevelopmentExpenses": 8915000000,
    "generalAndAdministrativeExpenses": 1548000000,
    "sellingAndMarketingExpenses": 8274000000,
    "sellingGeneralAndAdministrativeExpenses": 9822000000,
    "otherExpenses": 3728000000,
    "operatingExpenses": 22465000000,
    "costAndExpenses": 37608000000,
    "interestIncome": 451000000,
    "interestExpense": 3514000000,
    "depreciationAndAmortization": 6139000000,
    "ebitda": 21580000000,
    "ebitdaratio": 0.4074696475,
    "operatingIncome": 15353000000,
    "operatingIncomeRatio": 0.2898925625,
    "totalOtherIncomeExpensesNet": -3612000000,
    "incomeBeforeTax": 11741000000,
    "incomeBeforeTaxRatio": 0.2216914333,
    "incomeTaxExpense": 1274000000,
    "netIncome": 10467000000,
    "netIncomeRatio": 0.1976359963,
    "eps": 3.81,
    "epsdiluted": 3.71,
    "weightedAverageShsOut": 2744000000,
    "weightedAverageShsOutDil": 2823000000,
    "link": "https://www.sec.gov/Archives/edgar/data/1341439/000095017024075605/0000950170-24-075605-index.htm",
    "finalLink": "https://www.sec.gov/Archives/edgar/data/1341439/000095017024075605/orcl-20240531.htm"
  },
  {
    "date": "2023-05-31",
    "symbol": "ORCL",
    "reportedCurrency": "USD",
    "cik": "0001341439",
    "fillingDate": "2023-06-20",
    "acceptedDate": "2023-06-20 16:06:29",
    "calendarYear": "2023",
    "period": "FY",
    "revenue": 49954000000,
    "costOfRevenue": 13564000000,
    "grossProfit": 36390000000,
    "grossProfitRatio": 0.7284701926,
    "researchAndDevelopmentExpenses": 9415000000,
    "generalAndAdministrativeExpenses": 1579000000,
    "sellingAndMarketingExpenses": 8833000000,
    "sellingGeneralAndAdministrativeExpenses": 10412000000,
    "otherExpenses": -462000000,
    "operatingExpenses": 24044000000,
    "costAndExpenses": 37608000000,
    "interestIncome": 285000000,
    "interestExpense": 3505000000,
    "depreciationAndAmortization": 6108000000,
    "ebitda": 18904000000,
    "ebitdaratio": 0.3784281539,
    "operatingIncome": 13670000000,
    "operatingIncomeRatio": 0.2736517596,
    "totalOtherIncomeExpensesNet": -3967000000,
    "incomeBeforeTax": 9126000000,
    "incomeBeforeTaxRatio": 0.182688073,
    "incomeTaxExpense": 623000000,
    "netIncome": 8503000000,
    "netIncomeRatio": 0.1702165993,
    "eps": 3.15,
    "epsdiluted": 3.07,
    "weightedAverageShsOut": 2696000000,
    "weightedAverageShsOutDil": 2766000000,
    "link": "https://www.sec.gov/Archives/edgar/data/1341439/000095017023028914/0000950170-23-028914-index.htm",
    "finalLink": "https://www.sec.gov/Archives/edgar/data/1341439/000095017023028914/orcl-20230531.htm"
  },
  {
    "date": "2022-05-31",
    "symbol": "ORCL",
    "reportedCurrency": "USD",
    "cik": "0001341439",
    "fillingDate": "2022-06-21",
    "acceptedDate": "2022-06-21 08:04:37",
    "calendarYear": "2022",
    "period": "FY",
    "revenue": 42440000000,
    "costOfRevenue": 8877000000,
    "grossProfit": 33563000000,
    "grossProfitRatio": 0.7908341188,
    "researchAndDevelopmentExpenses": 7694000000,
    "generalAndAdministrativeExpenses": 1317000000,
    "sellingAndMarketingExpenses": 8047000000,
    "sellingGeneralAndAdministrativeExpenses": 9364000000,
    "otherExpenses": -522000000,
    "operatingExpenses": 23253000000,
    "costAndExpenses": 32130000000,
    "interestIncome": 94000000,
    "interestExpense": 2755000000,
    "depreciationAndAmortization": 3122000000,
    "ebitda": 18958000000,
    "ebitdaratio": 0.4467012253,
    "operatingIncome": 15836000000,
    "operatingIncomeRatio": 0.3731385485,
    "totalOtherIncomeExpensesNet": -3277000000,
    "incomeBeforeTax": 7649000000,
    "incomeBeforeTaxRatio": 0.1802309142,
    "incomeTaxExpense": 932000000,
    "netIncome": 6717000000,
    "netIncomeRatio": 0.1582704995,
    "eps": 2.49,
    "epsdiluted": 2.41,
    "weightedAverageShsOut": 2700000000,
    "weightedAverageShsOutDil": 2786000000,
    "link": "https://www.sec.gov/Archives/edgar/data/1341439/000156459022023675/0001564590-22-023675-index.htm",
    "finalLink": "https://www.sec.gov/Archives/edgar/data/1341439/000156459022023675/orcl-10k_20220531.htm"
  },
  {
    "date": "2021-05-31",
    "symbol": "ORCL",
    "reportedCurrency": "USD",
    "cik": "0001341439",
    "fillingDate": "2021-06-21",
    "acceptedDate": "2021-06-21 16:10:31",
    "calendarYear": "2021",
    "period": "FY",
    "revenue": 40479000000,
    "costOfRevenue": 7855000000,
    "grossProfit": 32624000000,
    "grossProfitRatio": 0.8059487636,
    "researchAndDevelopmentExpenses": 6527000000,
    "generalAndAdministrativeExpenses": 1254000000,
    "sellingAndMarketingExpenses": 7682000000,
    "sellingGeneralAndAdministrativeExpenses": 8936000000,
    "otherExpenses": 282000000,
    "operatingExpenses": 17230000000,
    "costAndExpenses": 25085000000,
    "interestIncome": 101000000,
    "interestExpense": 2496000000,
    "depreciationAndAmortization": 2916000000,
    "ebitda": 18569000000,
    "ebitdaratio": 0.458731688,
    "operatingIncome": 15653000000,
    "operatingIncomeRatio": 0.3866943353,
    "totalOtherIncomeExpensesNet": -2214000000,
    "incomeBeforeTax": 12999000000,
    "incomeBeforeTaxRatio": 0.3211294745,
    "incomeTaxExpense": 747000000,
    "netIncome": 13746000000,
    "netIncomeRatio": 0.3395834877,
    "eps": 4.67,
    "epsdiluted": 4.55,
    "weightedAverageShsOut": 2945000000,
    "weightedAverageShsOutDil": 3022000000,
    "link": "https://www.sec.gov/Archives/edgar/data/1341439/000156459021033616/0001564590-21-033616-index.htm",
    "finalLink": "https://www.sec.gov/Archives/edgar/data/1341439/000156459021033616/orcl-10k_20210531.htm"
  },
  {
    "date": "2020-05-31",
    "symbol": "ORCL",
    "reportedCurrency": "USD",
    "cik": "0001341439",
    "fillingDate": "2020-06-22",
    "acceptedDate": "2020-06-22 16:25:49",
    "calendarYear": "2020",
    "period": "FY",
    "revenue": 39068000000,
    "costOfRevenue": 7938000000,
    "grossProfit": 31130000000,
    "grossProfitRatio": 0.7968158083,
    "researchAndDevelopmentExpenses": 6067000000,
    "generalAndAdministrativeExpenses": 1181000000,
    "sellingAndMarketingExpenses": 8094000000,
    "sellingGeneralAndAdministrativeExpenses": 9275000000,
    "otherExpenses": 162000000,
    "operatingExpenses": 17599000000,
    "costAndExpenses": 25537000000,
    "interestIncome": 527000000,
    "interestExpense": 1995000000,
    "depreciationAndAmortization": 2968000000,
    "ebitda": 17119000000,
    "ebitdaratio": 0.4381847036,
    "operatingIncome": 14151000000,
    "operatingIncomeRatio": 0.3622146002,
    "totalOtherIncomeExpensesNet": -1833000000,
    "incomeBeforeTax": 12063000000,
    "incomeBeforeTaxRatio": 0.3087693253,
    "incomeTaxExpense": 1928000000,
    "netIncome": 10135000000,
    "netIncomeRatio": 0.2594194737,
    "eps": 3.16,
    "epsdiluted": 3.08,
    "weightedAverageShsOut": 3211000000,
    "weightedAverageShsOutDil": 3294000000,
    "link": "https://www.sec.gov/Archives/edgar/data/1341439/000156459020030125/0001564590-20-030125-index.htm",
    "finalLink": "https://www.sec.gov/Archives/edgar/data/1341439/000156459020030125/orcl-10k_20200531.htm"
  },
  {
    "date": "2019-05-31",
    "symbol": "ORCL",
    "reportedCurrency": "USD",
    "cik": "0001341439",
    "fillingDate": "2019-06-21",
    "acceptedDate": "2019-06-21 16:29:05",
    "calendarYear": "2019",
    "period": "FY",
    "revenue": 39506000000,
    "costOfRevenue": 7995000000,
    "grossProfit": 31511000000,
    "grossProfitRatio": 0.7976256771,
    "researchAndDevelopmentExpenses": 6026000000,
    "generalAndAdministrativeExpenses": 1265000000,
    "sellingAndMarketingExpenses": 8509000000,
    "sellingGeneralAndAdministrativeExpenses": 9774000000,
    "otherExpenses": 815000000,
    "operatingExpenses": 18253000000,
    "costAndExpenses": 26248000000,
    "interestIncome": 1092000000,
    "interestExpense": 2082000000,
    "depreciationAndAmortization": 2919000000,
    "ebitda": 16925000000,
    "ebitdaratio": 0.4284159368,
    "operatingIncome": 14006000000,
    "operatingIncomeRatio": 0.3545284261,
    "totalOtherIncomeExpensesNet": -1267000000,
    "incomeBeforeTax": 12268000000,
    "incomeBeforeTaxRatio": 0.3105351086,
    "incomeTaxExpense": 1185000000,
    "netIncome": 11083000000,
    "netIncomeRatio": 0.2805396649,
    "eps": 3.05,
    "epsdiluted": 2.97,
    "weightedAverageShsOut": 3634000000,
    "weightedAverageShsOutDil": 3732000000,
    "link": "https://www.sec.gov/Archives/edgar/data/1341439/000156459019023119/0001564590-19-023119-index.htm",
    "finalLink": "https://www.sec.gov/Archives/edgar/data/1341439/000156459019023119/orcl-10k_20190531.htm"
  },
  {
    "date": "2018-05-31",
    "symbol": "ORCL",
    "reportedCurrency": "USD",
    "cik": "0001341439",
    "fillingDate": "2018-06-22",
    "acceptedDate": "2018-06-22 16:09:07",
    "calendarYear": "2018",
    "period": "FY",
    "revenue": 39831000000,
    "costOfRevenue": 8060000000,
    "grossProfit": 31771000000,
    "grossProfitRatio": 0.7976450503,
    "researchAndDevelopmentExpenses": 6084000000,
    "generalAndAdministrativeExpenses": 1282000000,
    "sellingAndMarketingExpenses": 8433000000,
    "sellingGeneralAndAdministrativeExpenses": 9715000000,
    "otherExpenses": 1237000000,
    "operatingExpenses": 18077000000,
    "costAndExpenses": 26137000000,
    "interestIncome": 1201000000,
    "interestExpense": 2025000000,
    "depreciationAndAmortization": 2785000000,
    "ebitda": 16686000000,
    "ebitdaratio": 0.4189199367,
    "operatingIncome": 13901000000,
    "operatingIncomeRatio": 0.348999523,
    "totalOtherIncomeExpensesNet": -840000000,
    "incomeBeforeTax": 12424000000,
    "incomeBeforeTaxRatio": 0.3119178529,
    "incomeTaxExpense": 8837000000,
    "netIncome": 3825000000,
    "netIncomeRatio": 0.0960307298,
    "eps": 0.93,
    "epsdiluted": 0.9,
    "weightedAverageShsOut": 4121000000,
    "weightedAverageShsOutDil": 4238000000,
    "link": "https://www.sec.gov/Archives/edgar/data/1341439/000119312518201034/0001193125-18-201034-index.htm",
    "finalLink": "https://www.sec.gov/Archives/edgar/data/1341439/000119312518201034/d568983d10k.htm"
  },
  {
    "date": "2017-05-31",
    "symbol": "ORCL",
    "reportedCurrency": "USD",
    "cik": "0001341439",
    "fillingDate": "2017-06-27",
    "acceptedDate": "2017-06-27 16:05:35",
    "calendarYear": "2017",
    "period": "FY",
    "revenue": 37728000000,
    "costOfRevenue": 7452000000,
    "grossProfit": 30276000000,
    "grossProfitRatio": 0.802480916,
    "researchAndDevelopmentExpenses": 6153000000,
    "generalAndAdministrativeExpenses": 1172000000,
    "sellingAndMarketingExpenses": 8085000000,
    "sellingGeneralAndAdministrativeExpenses": 9299000000,
    "otherExpenses": 605000000,
    "operatingExpenses": 17666000000,
    "costAndExpenses": 25118000000,
    "interestIncome": 802000000,
    "interestExpense": 1798000000,
    "depreciationAndAmortization": 2451000000,
    "ebitda": 15888000000,
    "ebitdaratio": 0.4211195929,
    "operatingIncome": 13437000000,
    "operatingIncomeRatio": 0.3561545802,
    "totalOtherIncomeExpensesNet": -1233000000,
    "incomeBeforeTax": 11680000000,
    "incomeBeforeTaxRatio": 0.3095843936,
    "incomeTaxExpense": 2228000000,
    "netIncome": 9335000000,
    "netIncomeRatio": 0.2474289652,
    "eps": 2.3,
    "epsdiluted": 2.24,
    "weightedAverageShsOut": 4217000000,
    "weightedAverageShsOutDil": 4219642857,
    "link": "https://www.sec.gov/Archives/edgar/data/1341439/000119312517214833/0001193125-17-214833-index.htm",
    "finalLink": "https://www.sec.gov/Archives/edgar/data/1341439/000119312517214833/d385998d10k.htm"
  },
  {
    "date": "2016-05-31",
    "symbol": "ORCL",
    "reportedCurrency": "USD",
    "cik": "0001341439",
    "fillingDate": "2016-06-22",
    "acceptedDate": "2016-06-22 16:24:36",
    "calendarYear": "2016",
    "period": "FY",
    "revenue": 37047000000,
    "costOfRevenue": 7479000000,
    "grossProfit": 29568000000,
    "grossProfitRatio": 0.7981213054,
    "researchAndDevelopmentExpenses": 6346000000,
    "generalAndAdministrativeExpenses": 1155000000,
    "sellingAndMarketingExpenses": 7884000000,
    "sellingGeneralAndAdministrativeExpenses": 9039000000,
    "otherExpenses": 305000000,
    "operatingExpenses": 17197000000,
    "costAndExpenses": 24676000000,
    "interestIncome": 538000000,
    "interestExpense": 1467000000,
    "depreciationAndAmortization": 2509000000,
    "ebitda": 15534000000,
    "ebitdaratio": 0.4193052069,
    "operatingIncome": 13104000000,
    "operatingIncomeRatio": 0.3537128512,
    "totalOtherIncomeExpensesNet": -1162000000,
    "incomeBeforeTax": 11442000000,
    "incomeBeforeTaxRatio": 0.3088509191,
    "incomeTaxExpense": 2541000000,
    "netIncome": 8901000000,
    "netIncomeRatio": 0.2402623694,
    "eps": 2.11,
    "epsdiluted": 2.07,
    "weightedAverageShsOut": 4300000000,
    "weightedAverageShsOutDil": 4305000000,
    "link": "https://www.sec.gov/Archives/edgar/data/1341439/000119312516628942/0001193125-16-628942-index.htm",
    "finalLink": "https://www.sec.gov/Archives/edgar/data/1341439/000119312516628942/d203801d10k.htm"
  },
  {
    "date": "2015-05-31",
    "symbol": "ORCL",
    "reportedCurrency": "USD",
    "cik": "0001341439",
    "fillingDate": "2015-06-25",
    "acceptedDate": "2015-06-25 17:03:14",
    "calendarYear": "2015",
    "period": "FY",
    "revenue": 38226000000,
    "costOfRevenue": 7532000000,
    "grossProfit": 30694000000,
    "grossProfitRatio": 0.8029613352,
    "researchAndDevelopmentExpenses": 5524000000,
    "generalAndAdministrativeExpenses": 1077000000,
    "sellingAndMarketingExpenses": 7655000000,
    "sellingGeneralAndAdministrativeExpenses": 8732000000,
    "otherExpenses": 106000000,
    "operatingExpenses": 17066000000,
    "costAndExpenses": 24598000000,
    "interestIncome": 349000000,
    "interestExpense": 1143000000,
    "depreciationAndAmortization": 2861000000,
    "ebitda": 17150000000,
    "ebitdaratio": 0.4486475174,
    "operatingIncome": 14289000000,
    "operatingIncomeRatio": 0.3738031706,
    "totalOtherIncomeExpensesNet": -1037000000,
    "incomeBeforeTax": 12834000000,
    "incomeBeforeTaxRatio": 0.3357400722,
    "incomeTaxExpense": 2896000000,
    "netIncome": 9938000000,
    "netIncomeRatio": 0.2599801182,
    "eps": 2.26,
    "epsdiluted": 2.21,
    "weightedAverageShsOut": 4496832579,
    "weightedAverageShsOutDil": 4503000000,
    "link": "https://www.sec.gov/Archives/edgar/data/1341439/000119312515235239/0001193125-15-235239-index.htm",
    "finalLink": "https://www.sec.gov/Archives/edgar/data/1341439/000119312515235239/d920711d10k.htm"
  }
]