[
  {
    "date": "2024-12-31",
    "symbol": "XOM",
    "reportedCurrency": "USD",
    "cik": "0000034088",
    "fillingDate": "2025-02-19",
    "acceptedDate": "2025-02-19 16:39:37",
    "calendarYear": "2024",
    "period": "FY",
    "revenue": 339247000000,
    "costOfRevenue": 262505000000,
    "grossProfit": 76742000000,
    "grossProfitRatio": 0.2262127594,
    "researchAndDevelopmentExpenses": 0,
    "generalAndAdministrativeExpenses": 9976000000,
    "sellingAndMarketingExpenses": 0,
    "sellingGeneralAndAdministrativeExpenses": 9976000000,
    "otherExpenses": 27114000000,
    "operatingExpenses": 37090000000,
    "costAndExpenses": 299595000000,
    "interestIncome": 0,
    "interestExpense": 996000000,
    "depreciationAndAmortization": 23442000000,
    "ebitda": 73311000000,
    "ebitdaratio": 0.2160991844,
    "operatingIncome": 39652000000,
    "operatingIncomeRatio": 0.1168823895,
    "totalOtherIncomeExpensesNet": 9221000000,
    "incomeBeforeTax": 48873000000,
    "incomeBeforeTaxRatio": 0.1440631752,
    "incomeTaxExpense": 13810000000,
    "netIncome": 33680000000,
    "netIncomeRatio": 0.0992786966,
    "eps": 7.84,
    "epsdiluted": 7.84,
    "weightedAverageShsOut": 4298000000,
    "weightedAverageShsOutDil": 4298000000,
    "link": "https://www.sec.gov/Archives/edgar/data/34088/000003408825000010/0000034088-25-000010-index.htm",
    "finalLink": "https://www.sec.gov/Archives/edgar/data/34088/000003408825000010/xom-20241231.htm"
  },
  {
    "date": "2023-12-31",
    "symbol": "XOM",
    "reportedCurrency": "USD",
    "cik": "0000034088",
    "fillingDate": "2023-12-31",
    "acceptedDate": "2023-12-29 19:00:00",
    "calendarYear": "2023",
    "period": "FY",
    "revenue": 334697000000,
    "costOfRevenue": 250555000000,
    "grossProfit": 84142000000,
    "grossProfitRatio": 0.2513975327,
    "researchAndDevelopmentExpenses": 0,
    "generalAndAdministrativeExpenses": 9919000000,
    "sellingAndMarketingExpenses": 0,
    "sellingGeneralAndAdministrativeExpenses": 9919000000,
    "otherExpenses": 29762000000,
    "operatingExpenses": 39681000000,
    "costAndExpenses": 290236000000,
    "interestIncome": 0,
    "interestExpense": 849000000,
    "depreciationAndAmortization": 20641000000,
    "ebitda": 74273000000,
    "ebitdaratio": 0.2219111614,
    "operatingIncome": 44461000000,
    "operatingIncomeRatio": 0.1328395534,
    "totalOtherIncomeExpensesNet": 8322000000,
    "incomeBeforeTax": 52783000000,
    "incomeBeforeTaxRatio": 0.1577038336,
    "incomeTaxExpense": 15429000000,
    "netIncome": 36010000000,
    "netIncomeRatio": 0.1075898499,
    "eps": 8.89,
    "epsdiluted": 8.89,
    "weightedAverageShsOut": 4050618673,
    "weightedAverageShsOutDil": 4052000000,
    "link": "https://www.sec.gov/Archives/edgar/data/34088/000003408824000018/0000034088-24-000018-index.html",
    "finalLink": "https://www.sec.gov/Archives/edgar/data/34088/000003408824000018/0000034088-24-000018-index.html"
  },
  {
    "date": "2022-12-31",
    "symbol": "XOM",
    "reportedCurrency": "USD",
    "cik": "0000034088",
    "fillingDate": "2023-02-22",
    "acceptedDate": "2023-02-22 16:37:14",
    "calendarYear": "2022",
    "period": "FY",
    "revenue": 398675000000,
    "costOfRevenue": 295608000000,
    "grossProfit": 103067000000,
    "grossProfitRatio": 0.2585238603,
    "researchAndDevelopmentExpenses": 0,
    "generalAndAdministrativeExpenses": 10095000000,
    "sellingAndMarketingExpenses": 0,
    "sellingGeneralAndAdministrativeExpenses": 10095000000,
    "otherExpenses": 28944000000,
    "operatingExpenses": 39039000000,
    "costAndExpenses": 334647000000,
    "interestIncome": 0,
    "interestExpense": 798000000,
    "depreciationAndAmortization": 24040000000,
    "ebitda": 102591000000,
    "ebitdaratio": 0.2573299053,
    "operatingIncome": 64028000000,
    "operatingIncomeRatio": 0.1606019941,
    "totalOtherIncomeExpensesNet": 13725000000,
    "incomeBeforeTax": 77753000000,
    "incomeBeforeTaxRatio": 0.195028532,
    "incomeTaxExpense": 20176000000,
    "netIncome": 55740000000,
    "netIncomeRatio": 0.139813131,
    "eps": 13.26,
    "epsdiluted": 13.26,
    "weightedAverageShsOut": 4205000000,
    "weightedAverageShsOutDil": 4205000000,
    "link": "https://www.sec.gov/Archives/edgar/data/34088/000003408823000020/0000034088-23-000020-index.htm",
    "finalLink": "https://www.sec.gov/Archives/edgar/data/34088/000003408823000020/xom-20221231.htm"
  },
  {
    "date": "2021-12-31",
    "symbol": "XOM",
    "reportedCurrency": "USD",
    "cik": "0000034088",
    "fillingDate": "2022-02-23",
    "acceptedDate": "2022-02-23 16:11:16",
    "calendarYear": "2021",
    "period": "FY",
    "revenue": 276692000000,
    "costOfRevenue": 211806000000,
    "grossProfit": 64886000000,
    "grossProfitRatio": 0.234506238,
    "researchAndDevelopmentExpenses": 0,
    "generalAndAdministrativeExpenses": 9574000000,
    "sellingAndMarketingExpenses": 0,
    "sellingGeneralAndAdministrativeExpenses": 9574000000,
    "otherExpenses": 31293000000,
    "operatingExpenses": 40867000000,
    "costAndExpenses": 252673000000,
    "interestIncome": 0,
    "interestExpense": 947000000,
    "depreciationAndAmortization": 20607000000,
    "ebitda": 52788000000,
    "ebitdaratio": 0.1907825308,
    "operatingIncome": 24019000000,
    "operatingIncomeRatio": 0.086807714,
    "totalOtherIncomeExpensesNet": 7215000000,
    "incomeBeforeTax": 31234000000,
    "incomeBeforeTaxRatio": 0.1128836396,
    "incomeTaxExpense": 7636000000,
    "netIncome": 23040000000,
    "netIncomeRatio": 0.0832694838,
    "eps": 5.39,
    "epsdiluted": 5.39,
    "weightedAverageShsOut": 4275000000,
    "weightedAverageShsOutDil": 4275000000,
    "link": "https://www.sec.gov/Archives/edgar/data/34088/000003408822000011/0000034088-22-000011-index.htm",
    "finalLink": "https://www.sec.gov/Archives/edgar/data/34088/000003408822000011/xom-20211231.htm"
  },
  {
    "date": "2020-12-31",
    "symbol": "XOM",
    "reportedCurrency": "USD",
    "cik": "0000034088",
    "fillingDate": "2021-02-24",
    "acceptedDate": "2021-02-24 17:01:02",
    "calendarYear": "2020",
    "period": "FY",
    "revenue": 178574000000,
    "costOfRevenue": 170447000000,
    "grossProfit": 8127000000,
    "grossProfitRatio": 0.0455105446,
    "researchAndDevelopmentExpenses": 0,
    "generalAndAdministrativeExpenses": 10168000000,
    "sellingAndMarketingExpenses": 0,
    "sellingGeneralAndAdministrativeExpenses": 10168000000,
    "otherExpenses": 27407000000,
    "operatingExpenses": 37575000000,
    "costAndExpenses": 208022000000,
    "interestIncome": 0,
    "interestExpense": 1158000000,
    "depreciationAndAmortization": 46009000000,
    "ebitda": 18284000000,
    "ebitdaratio": 0.1023889256,
    "operatingIncome": -29448000000,
    "operatingIncomeRatio": -0.1649064253,
    "totalOtherIncomeExpensesNet": 565000000,
    "incomeBeforeTax": -28883000000,
    "incomeBeforeTaxRatio": -0.1617424709,
    "incomeTaxExpense": -5632000000,
    "netIncome": -22440000000,
    "netIncomeRatio": -0.1256621905,
    "eps": -5.25,
    "epsdiluted": -5.25,
    "weightedAverageShsOut": 4271000000,
    "weightedAverageShsOutDil": 4271000000,
    "link": "https://www.sec.gov/Archives/edgar/data/34088/000003408821000012/0000034088-21-000012-index.htm",
    "finalLink": "https://www.sec.gov/Archives/edgar/data/34088/000003408821000012/xom-20201231.htm"
  },
  {
    "date": "2019-12-31",
    "symbol": "XOM",
    "reportedCurrency": "USD",
    "cik": "0000034088",
    "fillingDate": "2020-02-26",
    "acceptedDate": "2020-02-26 16:15:19",
    "calendarYear": "2019",
    "period": "FY",
    "revenue": 255583000000,
    "costOfRevenue": 199625000000,
    "grossProfit": 55958000000,
    "grossProfitRatio": 0.2189425744,
    "researchAndDevelopmentExpenses": 0,
    "generalAndAdministrativeExpenses": 11398000000,
    "sellingAndMarketingExpenses": 0,
    "sellingGeneralAndAdministrativeExpenses": 11398000000,
    "otherExpenses": 31794000000,
    "operatingExpenses": 43192000000,
    "costAndExpenses": 242817000000,
    "interestIncome": 0,
    "interestExpense": 830000000,
    "depreciationAndAmortization": 18998000000,
    "ebitda": 39884000000,
    "ebitdaratio": 0.1560510676,
    "operatingIncome": 12766000000,
    "operatingIncomeRatio": 0.049948549,
    "totalOtherIncomeExpensesNet": 7290000000,
    "incomeBeforeTax": 20056000000,
    "incomeBeforeTaxRatio": 0.0784715728,
    "incomeTaxExpense": 5282000000,
    "netIncome": 14340000000,
    "netIncomeRatio": 0.0561070181,
    "eps": 3.36,
    "epsdiluted": 3.36,
    "weightedAverageShsOut": 4270000000,
    "weightedAverageShsOutDil": 4270000000,
    "link": "https://www.sec.gov/Archives/edgar/data/34088/000003408820000016/0000034088-20-000016-index.htm",
    "finalLink": "https://www.sec.gov/Archives/edgar/data/34088/000003408820000016/xom10k2019.htm"
  },
  {
    "date": "2018-12-31",
    "symbol": "XOM",
    "reportedCurrency": "USD",
    "cik": "0000034088",
    "fillingDate": "2019-02-27",
    "acceptedDate": "2019-02-27 16:19:37",
    "calendarYear": "2018",
    "period": "FY",
    "revenue": 279332000000,
    "costOfRevenue": 211599000000,
    "grossProfit": 67733000000,
    "grossProfitRatio": 0.2424820644,
    "researchAndDevelopmentExpenses": 0,
    "generalAndAdministrativeExpenses": 11480000000,
    "sellingAndMarketingExpenses": 0,
    "sellingGeneralAndAdministrativeExpenses": 11480000000,
    "otherExpenses": 34129000000,
    "operatingExpenses": 45609000000,
    "costAndExpenses": 257208000000,
    "interestIncome": 0,
    "interestExpense": 766000000,
    "depreciationAndAmortization": 18745000000,
    "ebitda": 50464000000,
    "ebitdaratio": 0.1806595736,
    "operatingIncome": 22124000000,
    "operatingIncomeRatio": 0.079203242,
    "totalOtherIncomeExpensesNet": 8829000000,
    "incomeBeforeTax": 30953000000,
    "incomeBeforeTaxRatio": 0.1108107915,
    "incomeTaxExpense": 9532000000,
    "netIncome": 20840000000,
    "netIncomeRatio": 0.0746065614,
    "eps": 4.92,
    "epsdiluted": 4.92,
    "weightedAverageShsOut": 4237000000,
    "weightedAverageShsOutDil": 4237000000,
    "link": "https://www.sec.gov/Archives/edgar/data/34088/000003408819000010/0000034088-19-000010-index.htm",
    "finalLink": "https://www.sec.gov/Archives/edgar/data/34088/000003408819000010/xom10k2018.htm"
  },
  {
    "date": "2017-12-31",
    "symbol": "XOM",
    "reportedCurrency": "USD",
    "cik": "0000034088",
    "fillingDate": "2018-02-28",
    "acceptedDate": "2018-02-28 16:39:51",
    "calendarYear": "2017",
    "period": "FY",
    "revenue": 237162000000,
    "costOfRevenue": 180800000000,
    "grossProfit": 56362000000,
    "grossProfitRatio": 0.2376519004,
    "researchAndDevelopmentExpenses": 0,
    "generalAndAdministrativeExpenses": 10649000000,
    "sellingAndMarketingExpenses": 0,
    "sellingGeneralAndAdministrativeExpenses": 10649000000,
    "otherExpenses": 31894000000,
    "operatingExpenses": 42543000000,
    "costAndExpenses": 223343000000,
    "interestIncome": 0,
    "interestExpense": 601000000,
    "depreciationAndAmortization": 19893000000,
    "ebitda": 39168000000,
    "ebitdaratio": 0.1651529334,
    "operatingIncome": 13819000000,
    "operatingIncomeRatio": 0.058268188,
    "totalOtherIncomeExpensesNet": 4855000000,
    "incomeBeforeTax": 18674000000,
    "incomeBeforeTaxRatio": 0.0787394271,
    "incomeTaxExpense": -1174000000,
    "netIncome": 19710000000,
    "netIncomeRatio": 0.0831077491,
    "eps": 4.63,
    "epsdiluted": 4.63,
    "weightedAverageShsOut": 4256000000,
    "weightedAverageShsOutDil": 4256000000,
    "link": "https://www.sec.gov/Archives/edgar/data/34088/000003408818000015/0000034088-18-000015-index.htm",
    "finalLink": "https://www.sec.gov/Archives/edgar/data/34088/000003408818000015/xom10k2017.htm"
  },
  {
    "date": "2016-12-31",
    "symbol": "XOM",
    "reportedCurrency": "USD",
    "cik": "0000034088",
    "fillingDate": "2017-02-22",
    "acceptedDate": "2017-02-22 16:47:56",
    "calendarYear": "2016",
    "period": "FY",
    "revenue": 200628000000,
    "costOfRevenue": 156927000000,
    "grossProfit": 43701000000,
    "grossProfitRatio": 0.2178210419,
    "researchAndDevelopmentExpenses": 0,
    "generalAndAdministrativeExpenses": 10443000000,
    "sellingAndMarketingExpenses": 0,
    "sellingGeneralAndAdministrativeExpenses": 10443000000,
    "otherExpenses": 30487000000,
    "operatingExpenses": 40930000000,
    "costAndExpenses": 197857000000,
    "interestIncome": 0,
    "interestExpense": 453000000,
    "depreciationAndAmortization": 22308000000,
    "ebitda": 30730000000,
    "ebitdaratio": 0.1531690492,
    "operatingIncome": 2771000000,
    "operatingIncomeRatio": 0.0138116315,
    "totalOtherIncomeExpensesNet": 5198000000,
    "incomeBeforeTax": 7969000000,
    "incomeBeforeTaxRatio": 0.0397202783,
    "incomeTaxExpense": -406000000,
    "netIncome": 7840000000,
    "netIncomeRatio": 0.0390772973,
    "eps": 1.88,
    "epsdiluted": 1.88,
    "weightedAverageShsOut": 4170212766,
    "weightedAverageShsOutDil": 4170212766,
    "link": "https://www.sec.gov/Archives/edgar/data/34088/000003408817000017/0000034088-17-000017-index.htm",
    "finalLink": "https://www.sec.gov/Archives/edgar/data/34088/000003408817000017/xom10k2016.htm"
  },
  {
    "date": "2015-12-31",
    "symbol": "XOM",
    "reportedCurrency": "USD",
    "cik": "0000034088",
    "fillingDate": "2016-02-24",
    "acceptedDate": "2016-02-24 16:09:22",
    "calendarYear": "2015",
    "period": "FY",
    "revenue": 239854000000,
    "costOfRevenue": 183638000000,
    "grossProfit": 56216000000,
    "grossProfitRatio": 0.234375912,
    "researchAndDevelopmentExpenses": 0,
    "generalAndAdministrativeExpenses": 11501000000,
    "sellingAndMarketingExpenses": 0,
    "sellingGeneralAndAdministrativeExpenses": 11501000000,
    "otherExpenses": 31832000000,
    "operatingExpenses": 43333000000,
    "costAndExpenses": 226971000000,
    "interestIncome": 0,
    "interestExpense": 311000000,
    "depreciationAndAmortization": 18048000000,
    "ebitda": 40325000000,
    "ebitdaratio": 0.1681231082,
    "operatingIncome": 12883000000,
    "operatingIncomeRatio": 0.0537118414,
    "totalOtherIncomeExpensesNet": 9083000000,
    "incomeBeforeTax": 21966000000,
    "incomeBeforeTaxRatio": 0.0915807116,
    "incomeTaxExpense": 5415000000,
    "netIncome": 16150000000,
    "netIncomeRatio": 0.0673326273,
    "eps": 3.85,
    "epsdiluted": 3.85,
    "weightedAverageShsOut": 4194805195,
    "weightedAverageShsOutDil": 4194805195,
    "link": "https://www.sec.gov/Archives/edgar/data/34088/000003408816000065/0000034088-16-000065-index.htm",
    "finalLink": "https://www.sec.gov/Archives/edgar/data/34088/000003408816000065/xom10k2015.htm"
  }
]