[
  {
    "date": "2024-12-31",
    "symbol": "HSBC",
    "reportedCurrency": "USD",
    "cik": "0000000000",
    "fillingDate": "2025-02-20",
    "acceptedDate": "2025-02-20 16:07:57",
    "calendarYear": "2024",
    "period": "FY",
    "revenue": 67606000000,
    "costOfRevenue": 0,
    "grossProfit": 67606000000,
    "grossProfitRatio": 1,
    "researchAndDevelopmentExpenses": 0,
    "generalAndAdministrativeExpenses": 10498000000,
    "sellingAndMarketingExpenses": 0,
    "sellingGeneralAndAdministrativeExpenses": 10498000000,
    "otherExpenses": 22235000000,
    "operatingExpenses": 32733000000,
    "costAndExpenses": 32733000000,
    "interestIncome": 108631000000,
    "interestExpense": 75898000000,
    "depreciationAndAmortization": 4080000000,
    "ebitda": 0,
    "ebitdaratio": 0,
    "operatingIncome": 34873000000,
    "operatingIncomeRatio": 0.5158269976,
    "totalOtherIncomeExpensesNet": -2564000000,
    "incomeBeforeTax": 32309000000,
    "incomeBeforeTaxRatio": 0.4779013697,
    "incomeTaxExpense": 7310000000,
    "netIncome": 23979000000,
    "netIncomeRatio": 0.3546874538,
    "eps": 6.24,
    "epsdiluted": 6.2,
    "weightedAverageShsOut": 3671400000,
    "weightedAverageShsOutDil": 3697000000,
    "link": "https://www.sec.gov/Archives/edgar/data/1089113/000108911325000040/0001089113-25-000040-index.htm",
    "finalLink": "https://www.sec.gov/Archives/edgar/data/1089113/000108911325000040/hsbc-20241231.htm"
  },
  {
    "date": "2023-12-31",
    "symbol": "HSBC",
    "reportedCurrency": "USD",
    "cik": "0000000000",
    "fillingDate": "2023-12-31",
    "acceptedDate": "2023-12-30 19:00:00",
    "calendarYear": "2023",
    "period": "FY",
    "revenue": 63019000000,
    "costOfRevenue": 0,
    "grossProfit": 63019000000,
    "grossProfitRatio": 1,
    "researchAndDevelopmentExpenses": 0,
    "generalAndAdministrativeExpenses": 10383000000,
    "sellingAndMarketingExpenses": 0,
    "sellingGeneralAndAdministrativeExpenses": 10383000000,
    "otherExpenses": 52636000000,
    "operatingExpenses": 63019000000,
    "costAndExpenses": 63019000000,
    "interestIncome": 100868000000,
    "interestExpense": 65072000000,
    "depreciationAndAmortization": 3466000000,
    "ebitda": 0,
    "ebitdaratio": 0,
    "operatingIncome": 26110000000,
    "operatingIncomeRatio": 0.4143194909,
    "totalOtherIncomeExpensesNet": 4238000000,
    "incomeBeforeTax": 30348000000,
    "incomeBeforeTaxRatio": 0.4815690506,
    "incomeTaxExpense": 5789000000,
    "netIncome": 23533000000,
    "netIncomeRatio": 0.3734270617,
    "eps": 1.14,
    "epsdiluted": 1.14,
    "weightedAverageShsOut": 19677192982,
    "weightedAverageShsOutDil": 19600000000,
    "link": "https://find-and-update.company-information.service.gov.uk/search/companies?q=HSBC+Holdings+plc",
    "finalLink": "https://find-and-update.company-information.service.gov.uk/search/companies?q=HSBC+Holdings+plc"
  },
  {
    "date": "2022-12-31",
    "symbol": "HSBC",
    "reportedCurrency": "USD",
    "cik": "0000000000",
    "fillingDate": "2022-12-31",
    "acceptedDate": "2022-12-30 19:00:00",
    "calendarYear": "2022",
    "period": "FY",
    "revenue": 67013000000,
    "costOfRevenue": 0,
    "grossProfit": 67013000000,
    "grossProfitRatio": 1,
    "researchAndDevelopmentExpenses": 0,
    "generalAndAdministrativeExpenses": 11091000000,
    "sellingAndMarketingExpenses": 0,
    "sellingGeneralAndAdministrativeExpenses": 11091000000,
    "otherExpenses": 29244000000,
    "operatingExpenses": 40335000000,
    "costAndExpenses": 40335000000,
    "interestIncome": 55059000000,
    "interestExpense": 22449000000,
    "depreciationAndAmortization": 3850000000,
    "ebitda": 0,
    "ebitdaratio": 0,
    "operatingIncome": 39342000000,
    "operatingIncomeRatio": 0.5870801188,
    "totalOtherIncomeExpensesNet": 2170000000,
    "incomeBeforeTax": 17528000000,
    "incomeBeforeTaxRatio": 0.2615611896,
    "incomeTaxExpense": 858000000,
    "netIncome": 15559000000,
    "netIncomeRatio": 0.232178831,
    "eps": 0.79,
    "epsdiluted": 0.79,
    "weightedAverageShsOut": 19849000000,
    "weightedAverageShsOutDil": 20302000000,
    "link": "https://find-and-update.company-information.service.gov.uk/search/companies?q=HSBC+Holdings+plc",
    "finalLink": "https://find-and-update.company-information.service.gov.uk/search/companies?q=HSBC+Holdings+plc"
  },
  {
    "date": "2021-12-31",
    "symbol": "HSBC",
    "reportedCurrency": "USD",
    "cik": "0000000000",
    "fillingDate": "2021-12-31",
    "acceptedDate": "2021-12-30 19:00:00",
    "calendarYear": "2021",
    "period": "FY",
    "revenue": 64236000000,
    "costOfRevenue": 0,
    "grossProfit": 64236000000,
    "grossProfitRatio": 1,
    "researchAndDevelopmentExpenses": 0,
    "generalAndAdministrativeExpenses": 11592000000,
    "sellingAndMarketingExpenses": 0,
    "sellingGeneralAndAdministrativeExpenses": 11592000000,
    "otherExpenses": 34944000000,
    "operatingExpenses": 46536000000,
    "costAndExpenses": 46536000000,
    "interestIncome": 36188000000,
    "interestExpense": 9699000000,
    "depreciationAndAmortization": 4286000000,
    "ebitda": 0,
    "ebitdaratio": 0,
    "operatingIncome": 18130000000,
    "operatingIncomeRatio": 0.2822404882,
    "totalOtherIncomeExpensesNet": 1597000000,
    "incomeBeforeTax": 18906000000,
    "incomeBeforeTaxRatio": 0.2943209415,
    "incomeTaxExpense": 4213000000,
    "netIncome": 13917000000,
    "netIncomeRatio": 0.2166542126,
    "eps": 0.62,
    "epsdiluted": 0.62,
    "weightedAverageShsOut": 20197000000,
    "weightedAverageShsOutDil": 20302000000,
    "link": "https://find-and-update.company-information.service.gov.uk/search/companies?q=HSBC+Holdings+plc",
    "finalLink": "https://find-and-update.company-information.service.gov.uk/search/companies?q=HSBC+Holdings+plc"
  },
  {
    "date": "2020-12-31",
    "symbol": "HSBC",
    "reportedCurrency": "USD",
    "cik": "0000000000",
    "fillingDate": "2020-12-31",
    "acceptedDate": "2020-12-30 19:00:00",
    "calendarYear": "2020",
    "period": "FY",
    "revenue": 63223000000,
    "costOfRevenue": 0,
    "grossProfit": 63223000000,
    "grossProfitRatio": 1,
    "researchAndDevelopmentExpenses": 0,
    "generalAndAdministrativeExpenses": 11115000000,
    "sellingAndMarketingExpenses": 0,
    "sellingGeneralAndAdministrativeExpenses": 11115000000,
    "otherExpenses": 36805000000,
    "operatingExpenses": 47920000000,
    "costAndExpenses": 47920000000,
    "interestIncome": 41756000000,
    "interestExpense": 14178000000,
    "depreciationAndAmortization": 5241000000,
    "ebitda": 0,
    "ebitdaratio": 0,
    "operatingIncome": 7907000000,
    "operatingIncomeRatio": 0.1250652452,
    "totalOtherIncomeExpensesNet": -963000000,
    "incomeBeforeTax": 8777000000,
    "incomeBeforeTaxRatio": 0.1388260601,
    "incomeTaxExpense": 2678000000,
    "netIncome": 5229000000,
    "netIncomeRatio": 0.0827072426,
    "eps": 0.26,
    "epsdiluted": 0.26,
    "weightedAverageShsOut": 20169000000,
    "weightedAverageShsOutDil": 20242000000,
    "link": "https://find-and-update.company-information.service.gov.uk/search/companies?q=HSBC+Holdings+plc",
    "finalLink": "https://find-and-update.company-information.service.gov.uk/search/companies?q=HSBC+Holdings+plc"
  },
  {
    "date": "2019-12-31",
    "symbol": "HSBC",
    "reportedCurrency": "USD",
    "cik": "0000000000",
    "fillingDate": "2019-12-31",
    "acceptedDate": "2019-12-30 19:00:00",
    "calendarYear": "2019",
    "period": "FY",
    "revenue": 70861000000,
    "costOfRevenue": 0,
    "grossProfit": 70861000000,
    "grossProfitRatio": 1,
    "researchAndDevelopmentExpenses": 0,
    "generalAndAdministrativeExpenses": 13828000000,
    "sellingAndMarketingExpenses": 0,
    "sellingGeneralAndAdministrativeExpenses": 13828000000,
    "otherExpenses": 33893000000,
    "operatingExpenses": 47721000000,
    "costAndExpenses": 47721000000,
    "interestIncome": 54695000000,
    "interestExpense": 24233000000,
    "depreciationAndAmortization": 10519000000,
    "ebitda": 0,
    "ebitdaratio": 0,
    "operatingIncome": 12022000000,
    "operatingIncomeRatio": 0.1696560873,
    "totalOtherIncomeExpensesNet": -6065000000,
    "incomeBeforeTax": 13347000000,
    "incomeBeforeTaxRatio": 0.1883546662,
    "incomeTaxExpense": 4639000000,
    "netIncome": 7383000000,
    "netIncomeRatio": 0.1041898929,
    "eps": 0.37,
    "epsdiluted": 0.36,
    "weightedAverageShsOut": 20158000000,
    "weightedAverageShsOutDil": 20233000000,
    "link": "https://find-and-update.company-information.service.gov.uk/search/companies?q=HSBC+Holdings+plc",
    "finalLink": "https://find-and-update.company-information.service.gov.uk/search/companies?q=HSBC+Holdings+plc"
  },
  {
    "date": "2018-12-31",
    "symbol": "HSBC",
    "reportedCurrency": "USD",
    "cik": "0000000000",
    "fillingDate": "2018-12-31",
    "acceptedDate": "2018-12-30 19:00:00",
    "calendarYear": "2018",
    "period": "FY",
    "revenue": 63766000000,
    "costOfRevenue": -30000000,
    "grossProfit": 63796000000,
    "grossProfitRatio": 1.0004704702,
    "researchAndDevelopmentExpenses": 0,
    "generalAndAdministrativeExpenses": 15353000000,
    "sellingAndMarketingExpenses": 0,
    "sellingGeneralAndAdministrativeExpenses": 15353000000,
    "otherExpenses": 885000000,
    "operatingExpenses": 42797000000,
    "costAndExpenses": 42872000000,
    "interestIncome": 49609000000,
    "interestExpense": 19120000000,
    "depreciationAndAmortization": 1933000000,
    "ebitda": 0,
    "ebitdaratio": 0,
    "operatingIncome": 37712000000,
    "operatingIncomeRatio": 0.5914123514,
    "totalOtherIncomeExpensesNet": 1722000000,
    "incomeBeforeTax": 19890000000,
    "incomeBeforeTaxRatio": 0.3119217138,
    "incomeTaxExpense": 4865000000,
    "netIncome": 13727000000,
    "netIncomeRatio": 0.2152714613,
    "eps": 0.69,
    "epsdiluted": 0.69,
    "weightedAverageShsOut": 19896000000,
    "weightedAverageShsOutDil": 19983000000,
    "link": "https://find-and-update.company-information.service.gov.uk/search/companies?q=HSBC+Holdings+plc",
    "finalLink": "https://find-and-update.company-information.service.gov.uk/search/companies?q=HSBC+Holdings+plc"
  },
  {
    "date": "2017-12-31",
    "symbol": "HSBC",
    "reportedCurrency": "USD",
    "cik": "0000000000",
    "fillingDate": "2017-12-31",
    "acceptedDate": "2017-12-30 19:00:00",
    "calendarYear": "2017",
    "period": "FY",
    "revenue": 64132000000,
    "costOfRevenue": 0,
    "grossProfit": 64132000000,
    "grossProfitRatio": 1,
    "researchAndDevelopmentExpenses": 0,
    "generalAndAdministrativeExpenses": 15707000000,
    "sellingAndMarketingExpenses": 0,
    "sellingGeneralAndAdministrativeExpenses": 15707000000,
    "otherExpenses": 337000000,
    "operatingExpenses": 43471000000,
    "costAndExpenses": 43471000000,
    "interestIncome": 42616000000,
    "interestExpense": 12819000000,
    "depreciationAndAmortization": 1862000000,
    "ebitda": 0,
    "ebitdaratio": 0,
    "operatingIncome": 28905000000,
    "operatingIncomeRatio": 0.4507110335,
    "totalOtherIncomeExpensesNet": 1679000000,
    "incomeBeforeTax": 17167000000,
    "incomeBeforeTaxRatio": 0.2676822803,
    "incomeTaxExpense": 5288000000,
    "netIncome": 10798000000,
    "netIncomeRatio": 0.1683714838,
    "eps": 0.48,
    "epsdiluted": 0.48,
    "weightedAverageShsOut": 19972000000,
    "weightedAverageShsOutDil": 20072000000,
    "link": "https://find-and-update.company-information.service.gov.uk/search/companies?q=HSBC+Holdings+plc",
    "finalLink": "https://find-and-update.company-information.service.gov.uk/search/companies?q=HSBC+Holdings+plc"
  },
  {
    "date": "2016-12-31",
    "symbol": "HSBC",
    "reportedCurrency": "USD",
    "cik": "0000000000",
    "fillingDate": "2016-12-31",
    "acceptedDate": "2016-12-30 19:00:00",
    "calendarYear": "2016",
    "period": "FY",
    "revenue": 61136000000,
    "costOfRevenue": 0,
    "grossProfit": 61136000000,
    "grossProfitRatio": 1,
    "researchAndDevelopmentExpenses": 0,
    "generalAndAdministrativeExpenses": 16473000000,
    "sellingAndMarketingExpenses": 0,
    "sellingGeneralAndAdministrativeExpenses": 16473000000,
    "otherExpenses": -971000000,
    "operatingExpenses": 43397000000,
    "costAndExpenses": 43397000000,
    "interestIncome": 43800000000,
    "interestExpense": 12601000000,
    "depreciationAndAmortization": 5212000000,
    "ebitda": 0,
    "ebitdaratio": 0,
    "operatingIncome": 18746000000,
    "operatingIncomeRatio": 0.3066278461,
    "totalOtherIncomeExpensesNet": -1659000000,
    "incomeBeforeTax": 7112000000,
    "incomeBeforeTaxRatio": 0.1163308035,
    "incomeTaxExpense": 3666000000,
    "netIncome": 2479000000,
    "netIncomeRatio": 0.0405489401,
    "eps": 0.07,
    "epsdiluted": 0.07,
    "weightedAverageShsOut": 19753000000,
    "weightedAverageShsOutDil": 19845000000,
    "link": "https://find-and-update.company-information.service.gov.uk/search/companies?q=HSBC+Holdings+plc",
    "finalLink": "https://find-and-update.company-information.service.gov.uk/search/companies?q=HSBC+Holdings+plc"
  },
  {
    "date": "2015-12-31",
    "symbol": "HSBC",
    "reportedCurrency": "USD",
    "cik": "0000000000",
    "fillingDate": "2015-12-31",
    "acceptedDate": "2015-12-30 19:00:00",
    "calendarYear": "2015",
    "period": "FY",
    "revenue": 72239000000,
    "costOfRevenue": 0,
    "grossProfit": 72239000000,
    "grossProfitRatio": 1,
    "researchAndDevelopmentExpenses": 0,
    "generalAndAdministrativeExpenses": 17662000000,
    "sellingAndMarketingExpenses": 0,
    "sellingGeneralAndAdministrativeExpenses": 17662000000,
    "otherExpenses": 1055000000,
    "operatingExpenses": 47474000000,
    "costAndExpenses": 47474000000,
    "interestIncome": 48964000000,
    "interestExpense": 14658000000,
    "depreciationAndAmortization": 2206000000,
    "ebitda": 0,
    "ebitdaratio": 0,
    "operatingIncome": 31951000000,
    "operatingIncomeRatio": 0.4422957128,
    "totalOtherIncomeExpensesNet": 1680000000,
    "incomeBeforeTax": 18867000000,
    "incomeBeforeTaxRatio": 0.2611747117,
    "incomeTaxExpense": 3771000000,
    "netIncome": 13522000000,
    "netIncomeRatio": 0.187184208,
    "eps": 0.65,
    "epsdiluted": 0.64,
    "weightedAverageShsOut": 19380000000,
    "weightedAverageShsOutDil": 19517000000,
    "link": "https://find-and-update.company-information.service.gov.uk/search/companies?q=HSBC+Holdings+plc",
    "finalLink": "https://find-and-update.company-information.service.gov.uk/search/companies?q=HSBC+Holdings+plc"
  }
]