[
  {
    "date": "2024-12-31",
    "symbol": "HSBC",
    "reportedCurrency": "USD",
    "cik": "0000000000",
    "fillingDate": "2025-02-20",
    "acceptedDate": "2025-02-20 16:07:57",
    "calendarYear": "2024",
    "period": "Q4",
    "revenue": 16959000000,
    "costOfRevenue": 0,
    "grossProfit": 16959000000,
    "grossProfitRatio": 1,
    "researchAndDevelopmentExpenses": 0,
    "generalAndAdministrativeExpenses": 0,
    "sellingAndMarketingExpenses": 0,
    "sellingGeneralAndAdministrativeExpenses": 0,
    "otherExpenses": 8472000000,
    "operatingExpenses": 8472000000,
    "costAndExpenses": 8472000000,
    "interestIncome": 26004000000,
    "interestExpense": 17819000000,
    "depreciationAndAmortization": 0,
    "ebitda": 0,
    "ebitdaratio": 0,
    "operatingIncome": 8487000000,
    "operatingIncomeRatio": 0.5004422431,
    "totalOtherIncomeExpensesNet": -6210000000,
    "incomeBeforeTax": 2277000000,
    "incomeBeforeTaxRatio": 0.134264992,
    "incomeTaxExpense": 1692000000,
    "netIncome": 351000000,
    "netIncomeRatio": 0.0206969751,
    "eps": 0.0109,
    "epsdiluted": 0.0109,
    "weightedAverageShsOut": 18151000000,
    "weightedAverageShsOutDil": 18151000000,
    "link": "https://www.sec.gov/Archives/edgar/data/1089113/000108911325000040/0001089113-25-000040-index.htm",
    "finalLink": "https://www.sec.gov/Archives/edgar/data/1089113/000108911325000040/hsbc-20241231.htm"
  },
  {
    "date": "2024-09-30",
    "symbol": "HSBC",
    "reportedCurrency": "USD",
    "cik": "0000000000",
    "fillingDate": "2024-09-30",
    "acceptedDate": "2024-09-29 20:00:00",
    "calendarYear": "2024",
    "period": "Q3",
    "revenue": 16926000000,
    "costOfRevenue": 0,
    "grossProfit": 16926000000,
    "grossProfitRatio": 1,
    "researchAndDevelopmentExpenses": 0,
    "generalAndAdministrativeExpenses": 0,
    "sellingAndMarketingExpenses": 0,
    "sellingGeneralAndAdministrativeExpenses": 8833000000,
    "otherExpenses": 8093000000,
    "operatingExpenses": 16926000000,
    "costAndExpenses": 16926000000,
    "interestIncome": 27255000000,
    "interestExpense": 19618000000,
    "depreciationAndAmortization": -9066000000,
    "ebitda": -233000000,
    "ebitdaratio": -0.0137658041,
    "operatingIncome": 8833000000,
    "operatingIncomeRatio": 0.5218598606,
    "totalOtherIncomeExpensesNet": -357000000,
    "incomeBeforeTax": 8476000000,
    "incomeBeforeTaxRatio": 0.5007680492,
    "incomeTaxExpense": 1727000000,
    "netIncome": 6516000000,
    "netIncomeRatio": 0.3849698688,
    "eps": 0.34,
    "epsdiluted": 0.34,
    "weightedAverageShsOut": 18151000000,
    "weightedAverageShsOutDil": 18151000000,
    "link": "https://find-and-update.company-information.service.gov.uk/search/companies?q=HSBC+Holdings+plc",
    "finalLink": "https://find-and-update.company-information.service.gov.uk/search/companies?q=HSBC+Holdings+plc"
  },
  {
    "date": "2024-06-30",
    "symbol": "HSBC",
    "reportedCurrency": "USD",
    "cik": "0000000000",
    "fillingDate": "2024-06-30",
    "acceptedDate": "2024-06-29 20:00:00",
    "calendarYear": "2024",
    "period": "Q2",
    "revenue": 20272000000,
    "costOfRevenue": 4078000000,
    "grossProfit": 16194000000,
    "grossProfitRatio": 0.7988358327,
    "researchAndDevelopmentExpenses": 0,
    "generalAndAdministrativeExpenses": 5135000000,
    "sellingAndMarketingExpenses": 10059000000,
    "sellingGeneralAndAdministrativeExpenses": 15194000000,
    "otherExpenses": 8114000000,
    "operatingExpenses": 8114000000,
    "costAndExpenses": 7288000000,
    "interestIncome": 46719000000,
    "interestExpense": 0,
    "depreciationAndAmortization": -9164000000,
    "ebitda": -683000000,
    "ebitdaratio": -0.0336917916,
    "operatingIncome": 9164000000,
    "operatingIncomeRatio": 0.4520520916,
    "totalOtherIncomeExpensesNet": -258000000,
    "incomeBeforeTax": 8906000000,
    "incomeBeforeTaxRatio": 0.4393251776,
    "incomeTaxExpense": 2078000000,
    "netIncome": 6528000000,
    "netIncomeRatio": 0.3220205209,
    "eps": 0.35,
    "epsdiluted": 0.34,
    "weightedAverageShsOut": 18874765649,
    "weightedAverageShsOutDil": 18714592593,
    "link": "https://find-and-update.company-information.service.gov.uk/search/companies?q=HSBC+Holdings+plc",
    "finalLink": "https://find-and-update.company-information.service.gov.uk/search/companies?q=HSBC+Holdings+plc"
  },
  {
    "date": "2024-03-31",
    "symbol": "HSBC",
    "reportedCurrency": "USD",
    "cik": "0000000000",
    "fillingDate": "2024-03-31",
    "acceptedDate": "2024-03-30 20:00:00",
    "calendarYear": "2024",
    "period": "Q1",
    "revenue": 17335000000,
    "costOfRevenue": 0,
    "grossProfit": 17335000000,
    "grossProfitRatio": 1,
    "researchAndDevelopmentExpenses": 0,
    "generalAndAdministrativeExpenses": 0,
    "sellingAndMarketingExpenses": 0,
    "sellingGeneralAndAdministrativeExpenses": 0,
    "otherExpenses": 0,
    "operatingExpenses": 8100000000,
    "costAndExpenses": 7382000000,
    "interestIncome": 8653000000,
    "interestExpense": 0,
    "depreciationAndAmortization": -11868000000,
    "ebitda": 102000000,
    "ebitdaratio": 0.0058840496,
    "operatingIncome": 11894000000,
    "operatingIncomeRatio": 0.686126334,
    "totalOtherIncomeExpensesNet": 782000000,
    "incomeBeforeTax": 12650000000,
    "incomeBeforeTaxRatio": 0.7297375252,
    "incomeTaxExpense": 1813000000,
    "netIncome": 10584000000,
    "netIncomeRatio": 0.6105566772,
    "eps": 0.54,
    "epsdiluted": 0.54,
    "weightedAverageShsOut": 18857407407,
    "weightedAverageShsOutDil": 18857407407,
    "link": "https://find-and-update.company-information.service.gov.uk/search/companies?q=HSBC+Holdings+plc",
    "finalLink": "https://find-and-update.company-information.service.gov.uk/search/companies?q=HSBC+Holdings+plc"
  },
  {
    "date": "2023-12-31",
    "symbol": "HSBC",
    "reportedCurrency": "USD",
    "cik": "0000000000",
    "fillingDate": "2023-12-31",
    "acceptedDate": "2023-12-30 19:00:00",
    "calendarYear": "2023",
    "period": "Q4",
    "revenue": 13613000000,
    "costOfRevenue": 0,
    "grossProfit": 13613000000,
    "grossProfitRatio": 1,
    "researchAndDevelopmentExpenses": 0,
    "generalAndAdministrativeExpenses": 10383000000,
    "sellingAndMarketingExpenses": 6278000000,
    "sellingGeneralAndAdministrativeExpenses": 16661000000,
    "otherExpenses": 0,
    "operatingExpenses": 8285000000,
    "costAndExpenses": 8285000000,
    "interestIncome": 73356000000,
    "interestExpense": 0,
    "depreciationAndAmortization": 714000000,
    "ebitda": 727000000,
    "ebitdaratio": 0.0534048336,
    "operatingIncome": 727000000,
    "operatingIncomeRatio": 0.0534048336,
    "totalOtherIncomeExpensesNet": -4351000000,
    "incomeBeforeTax": 977000000,
    "incomeBeforeTaxRatio": 0.071769632,
    "incomeTaxExpense": 755000000,
    "netIncome": -28000000,
    "netIncomeRatio": -0.0020568574,
    "eps": -0.0015,
    "epsdiluted": -0.0015,
    "weightedAverageShsOut": 18530000000,
    "weightedAverageShsOutDil": 18654000000,
    "link": "https://find-and-update.company-information.service.gov.uk/search/companies?q=HSBC+Holdings+plc",
    "finalLink": "https://find-and-update.company-information.service.gov.uk/search/companies?q=HSBC+Holdings+plc"
  },
  {
    "date": "2023-09-30",
    "symbol": "HSBC",
    "reportedCurrency": "USD",
    "cik": "0000000000",
    "fillingDate": "2023-09-30",
    "acceptedDate": "2023-09-29 20:00:00",
    "calendarYear": "2023",
    "period": "Q3",
    "revenue": 15765000000,
    "costOfRevenue": 0,
    "grossProfit": 15765000000,
    "grossProfitRatio": 1,
    "researchAndDevelopmentExpenses": 0,
    "generalAndAdministrativeExpenses": 0,
    "sellingAndMarketingExpenses": 0,
    "sellingGeneralAndAdministrativeExpenses": 4628000000,
    "otherExpenses": 0,
    "operatingExpenses": 7918000000,
    "costAndExpenses": 7918000000,
    "interestIncome": 9248000000,
    "interestExpense": 0,
    "depreciationAndAmortization": -7093000000,
    "ebitda": 0,
    "ebitdaratio": 0,
    "operatingIncome": 7501000000,
    "operatingIncomeRatio": 0.4758008246,
    "totalOtherIncomeExpensesNet": 621000000,
    "incomeBeforeTax": 7714000000,
    "incomeBeforeTaxRatio": 0.4893117666,
    "incomeTaxExpense": 1448000000,
    "netIncome": 6053000000,
    "netIncomeRatio": 0.3839517919,
    "eps": 0.29,
    "epsdiluted": 0.29,
    "weightedAverageShsOut": 19404000000,
    "weightedAverageShsOutDil": 19404000000,
    "link": "https://find-and-update.company-information.service.gov.uk/search/companies?q=HSBC+Holdings+plc",
    "finalLink": "https://find-and-update.company-information.service.gov.uk/search/companies?q=HSBC+Holdings+plc"
  },
  {
    "date": "2023-06-30",
    "symbol": "HSBC",
    "reportedCurrency": "USD",
    "cik": "0000000000",
    "fillingDate": "2023-06-30",
    "acceptedDate": "2023-06-29 20:00:00",
    "calendarYear": "2023",
    "period": "Q2",
    "revenue": 20030000000,
    "costOfRevenue": 0,
    "grossProfit": 20030000000,
    "grossProfitRatio": 1,
    "researchAndDevelopmentExpenses": 0,
    "generalAndAdministrativeExpenses": 4912000000,
    "sellingAndMarketingExpenses": 4042000000,
    "sellingGeneralAndAdministrativeExpenses": 8954000000,
    "otherExpenses": 0,
    "operatingExpenses": 7798000000,
    "costAndExpenses": 7798000000,
    "interestIncome": 37996000000,
    "interestExpense": 0,
    "depreciationAndAmortization": -11221000000,
    "ebitda": 0,
    "ebitdaratio": 0,
    "operatingIncome": 8489000000,
    "operatingIncomeRatio": 0.4238142786,
    "totalOtherIncomeExpensesNet": 1548000000,
    "incomeBeforeTax": 8771000000,
    "incomeBeforeTaxRatio": 0.4378931603,
    "incomeTaxExpense": 1726000000,
    "netIncome": 6763000000,
    "netIncomeRatio": 0.3376435347,
    "eps": 0.34,
    "epsdiluted": 0.34,
    "weightedAverageShsOut": 19662000000,
    "weightedAverageShsOutDil": 19934000000,
    "link": "https://find-and-update.company-information.service.gov.uk/search/companies?q=HSBC+Holdings+plc",
    "finalLink": "https://find-and-update.company-information.service.gov.uk/search/companies?q=HSBC+Holdings+plc"
  },
  {
    "date": "2023-03-31",
    "symbol": "HSBC",
    "reportedCurrency": "USD",
    "cik": "0000000000",
    "fillingDate": "2023-03-31",
    "acceptedDate": "2023-03-30 20:00:00",
    "calendarYear": "2023",
    "period": "Q1",
    "revenue": 16530000000,
    "costOfRevenue": 0,
    "grossProfit": 16530000000,
    "grossProfitRatio": 1,
    "researchAndDevelopmentExpenses": 0,
    "generalAndAdministrativeExpenses": 0,
    "sellingAndMarketingExpenses": 0,
    "sellingGeneralAndAdministrativeExpenses": 0,
    "otherExpenses": 7588000000,
    "operatingExpenses": 7588000000,
    "costAndExpenses": 7588000000,
    "interestIncome": 8959000000,
    "interestExpense": 0,
    "depreciationAndAmortization": -12153000000,
    "ebitda": 0,
    "ebitdaratio": 0,
    "operatingIncome": 12324000000,
    "operatingIncomeRatio": 0.745553539,
    "totalOtherIncomeExpensesNet": 733000000,
    "incomeBeforeTax": 12886000000,
    "incomeBeforeTaxRatio": 0.7795523291,
    "incomeTaxExpense": 1860000000,
    "netIncome": 10745000000,
    "netIncomeRatio": 0.650030248,
    "eps": 0.52,
    "epsdiluted": 0.52,
    "weightedAverageShsOut": 19724000000,
    "weightedAverageShsOutDil": 19724000000,
    "link": "https://find-and-update.company-information.service.gov.uk/search/companies?q=HSBC+Holdings+plc",
    "finalLink": "https://find-and-update.company-information.service.gov.uk/search/companies?q=HSBC+Holdings+plc"
  },
  {
    "date": "2022-12-31",
    "symbol": "HSBC",
    "reportedCurrency": "USD",
    "cik": "0000000000",
    "fillingDate": "2022-12-31",
    "acceptedDate": "2022-12-30 19:00:00",
    "calendarYear": "2022",
    "period": "Q4",
    "revenue": 21091000000,
    "costOfRevenue": 0,
    "grossProfit": 21091000000,
    "grossProfitRatio": 1,
    "researchAndDevelopmentExpenses": 0,
    "generalAndAdministrativeExpenses": 11091000000,
    "sellingAndMarketingExpenses": 6980000000,
    "sellingGeneralAndAdministrativeExpenses": 18071000000,
    "otherExpenses": 11352000000,
    "operatingExpenses": 11352000000,
    "costAndExpenses": 11352000000,
    "interestIncome": 32027000000,
    "interestExpense": 0,
    "depreciationAndAmortization": -3575000000,
    "ebitda": 0,
    "ebitdaratio": 0,
    "operatingIncome": 4905000000,
    "operatingIncomeRatio": 0.2325636527,
    "totalOtherIncomeExpensesNet": 1630000000,
    "incomeBeforeTax": 5205000000,
    "incomeBeforeTaxRatio": 0.2467877294,
    "incomeTaxExpense": 311000000,
    "netIncome": 4744000000,
    "netIncomeRatio": 0.224930065,
    "eps": 0.24,
    "epsdiluted": 0.24,
    "weightedAverageShsOut": 19738000000,
    "weightedAverageShsOutDil": 19886000000,
    "link": "https://find-and-update.company-information.service.gov.uk/search/companies?q=HSBC+Holdings+plc",
    "finalLink": "https://find-and-update.company-information.service.gov.uk/search/companies?q=HSBC+Holdings+plc"
  },
  {
    "date": "2022-09-30",
    "symbol": "HSBC",
    "reportedCurrency": "USD",
    "cik": "0000000000",
    "fillingDate": "2022-09-30",
    "acceptedDate": "2022-09-29 20:00:00",
    "calendarYear": "2022",
    "period": "Q3",
    "revenue": 10093000000,
    "costOfRevenue": 0,
    "grossProfit": 10093000000,
    "grossProfitRatio": 1,
    "researchAndDevelopmentExpenses": 0,
    "generalAndAdministrativeExpenses": 0,
    "sellingAndMarketingExpenses": 0,
    "sellingGeneralAndAdministrativeExpenses": 4375000000,
    "otherExpenses": 8225000000,
    "operatingExpenses": 8225000000,
    "costAndExpenses": 8225000000,
    "interestIncome": 8581000000,
    "interestExpense": 0,
    "depreciationAndAmortization": -3336000000,
    "ebitda": 0,
    "ebitdaratio": 0,
    "operatingIncome": 2777000000,
    "operatingIncomeRatio": 0.275141187,
    "totalOtherIncomeExpensesNet": -189000000,
    "incomeBeforeTax": 3147000000,
    "incomeBeforeTaxRatio": 0.3118002576,
    "incomeTaxExpense": 586000000,
    "netIncome": 2002000000,
    "netIncomeRatio": 0.1983552957,
    "eps": 0.1,
    "epsdiluted": 0.1,
    "weightedAverageShsOut": 19752000000,
    "weightedAverageShsOutDil": 19886000000,
    "link": "https://find-and-update.company-information.service.gov.uk/search/companies?q=HSBC+Holdings+plc",
    "finalLink": "https://find-and-update.company-information.service.gov.uk/search/companies?q=HSBC+Holdings+plc"
  },
  {
    "date": "2022-06-30",
    "symbol": "HSBC",
    "reportedCurrency": "USD",
    "cik": "0000000000",
    "fillingDate": "2022-06-30",
    "acceptedDate": "2022-06-29 20:00:00",
    "calendarYear": "2022",
    "period": "Q2",
    "revenue": 15027000000,
    "costOfRevenue": 0,
    "grossProfit": 15027000000,
    "grossProfitRatio": 1,
    "researchAndDevelopmentExpenses": 0,
    "generalAndAdministrativeExpenses": 5337000000,
    "sellingAndMarketingExpenses": 9968000000,
    "sellingGeneralAndAdministrativeExpenses": 15305000000,
    "otherExpenses": 10226000000,
    "operatingExpenses": 10226000000,
    "costAndExpenses": 10226000000,
    "interestIncome": 13858000000,
    "interestExpense": 0,
    "depreciationAndAmortization": -4209000000,
    "ebitda": 0,
    "ebitdaratio": 0,
    "operatingIncome": 4714000000,
    "operatingIncomeRatio": 0.3137020031,
    "totalOtherIncomeExpensesNet": 801000000,
    "incomeBeforeTax": 5010000000,
    "incomeBeforeTaxRatio": 0.3333998802,
    "incomeTaxExpense": -762000000,
    "netIncome": 5486000000,
    "netIncomeRatio": 0.3650761962,
    "eps": 0.28,
    "epsdiluted": 0.27,
    "weightedAverageShsOut": 19884000000,
    "weightedAverageShsOutDil": 20134000000,
    "link": "https://find-and-update.company-information.service.gov.uk/search/companies?q=HSBC+Holdings+plc",
    "finalLink": "https://find-and-update.company-information.service.gov.uk/search/companies?q=HSBC+Holdings+plc"
  },
  {
    "date": "2022-03-31",
    "symbol": "HSBC",
    "reportedCurrency": "USD",
    "cik": "0000000000",
    "fillingDate": "2022-03-31",
    "acceptedDate": "2022-03-30 20:00:00",
    "calendarYear": "2022",
    "period": "Q1",
    "revenue": 15288000000,
    "costOfRevenue": 0,
    "grossProfit": 15288000000,
    "grossProfitRatio": 1,
    "researchAndDevelopmentExpenses": 0,
    "generalAndAdministrativeExpenses": 0,
    "sellingAndMarketingExpenses": 0,
    "sellingGeneralAndAdministrativeExpenses": 0,
    "otherExpenses": 10599000000,
    "operatingExpenses": 10599000000,
    "costAndExpenses": 10599000000,
    "interestIncome": 6997000000,
    "interestExpense": 0,
    "depreciationAndAmortization": -3944000000,
    "ebitda": 0,
    "ebitdaratio": 0,
    "operatingIncome": 4014000000,
    "operatingIncomeRatio": 0.2625588697,
    "totalOtherIncomeExpensesNet": 222000000,
    "incomeBeforeTax": 4166000000,
    "incomeBeforeTaxRatio": 0.2725013082,
    "incomeTaxExpense": 723000000,
    "netIncome": 2755000000,
    "netIncomeRatio": 0.1802066981,
    "eps": 0.14,
    "epsdiluted": 0.14,
    "weightedAverageShsOut": 19968000000,
    "weightedAverageShsOutDil": 20024000000,
    "link": "https://find-and-update.company-information.service.gov.uk/search/companies?q=HSBC+Holdings+plc",
    "finalLink": "https://find-and-update.company-information.service.gov.uk/search/companies?q=HSBC+Holdings+plc"
  },
  {
    "date": "2021-12-31",
    "symbol": "HSBC",
    "reportedCurrency": "USD",
    "cik": "0000000000",
    "fillingDate": "2021-12-31",
    "acceptedDate": "2021-12-30 19:00:00",
    "calendarYear": "2021",
    "period": "Q4",
    "revenue": 15586000000,
    "costOfRevenue": 0,
    "grossProfit": 15586000000,
    "grossProfitRatio": 1,
    "researchAndDevelopmentExpenses": 0,
    "generalAndAdministrativeExpenses": 11592000000,
    "sellingAndMarketingExpenses": 7263000000,
    "sellingGeneralAndAdministrativeExpenses": 18855000000,
    "otherExpenses": 12179000000,
    "operatingExpenses": 12179000000,
    "costAndExpenses": 12179000000,
    "interestIncome": 16480000000,
    "interestExpense": 0,
    "depreciationAndAmortization": -2775000000,
    "ebitda": 0,
    "ebitdaratio": 0,
    "operatingIncome": 2565000000,
    "operatingIncomeRatio": 0.1645707686,
    "totalOtherIncomeExpensesNet": -111000000,
    "incomeBeforeTax": 2664000000,
    "incomeBeforeTaxRatio": 0.1709226229,
    "incomeTaxExpense": 635000000,
    "netIncome": 1788000000,
    "netIncomeRatio": 0.114718337,
    "eps": 0.1,
    "epsdiluted": 0.1,
    "weightedAverageShsOut": 20212000000,
    "weightedAverageShsOutDil": 20212000000,
    "link": "https://find-and-update.company-information.service.gov.uk/search/companies?q=HSBC+Holdings+plc",
    "finalLink": "https://find-and-update.company-information.service.gov.uk/search/companies?q=HSBC+Holdings+plc"
  },
  {
    "date": "2021-09-30",
    "symbol": "HSBC",
    "reportedCurrency": "USD",
    "cik": "0000000000",
    "fillingDate": "2021-09-30",
    "acceptedDate": "2021-09-29 20:00:00",
    "calendarYear": "2021",
    "period": "Q3",
    "revenue": 14645000000,
    "costOfRevenue": 0,
    "grossProfit": 14645000000,
    "grossProfitRatio": 1,
    "researchAndDevelopmentExpenses": 0,
    "generalAndAdministrativeExpenses": 0,
    "sellingAndMarketingExpenses": 0,
    "sellingGeneralAndAdministrativeExpenses": 4130000000,
    "otherExpenses": 10263000000,
    "operatingExpenses": 10263000000,
    "costAndExpenses": 10263000000,
    "interestIncome": 6610000000,
    "interestExpense": 0,
    "depreciationAndAmortization": -5079000000,
    "ebitda": 0,
    "ebitdaratio": 0,
    "operatingIncome": 5199000000,
    "operatingIncomeRatio": 0.3550017071,
    "totalOtherIncomeExpensesNet": 324000000,
    "incomeBeforeTax": 5403000000,
    "incomeBeforeTaxRatio": 0.3689313759,
    "incomeTaxExpense": 1161000000,
    "netIncome": 3543000000,
    "netIncomeRatio": 0.2419255719,
    "eps": 0.18,
    "epsdiluted": 0.17,
    "weightedAverageShsOut": 19683333333,
    "weightedAverageShsOutDil": 20841176471,
    "link": "https://find-and-update.company-information.service.gov.uk/search/companies?q=HSBC+Holdings+plc",
    "finalLink": "https://find-and-update.company-information.service.gov.uk/search/companies?q=HSBC+Holdings+plc"
  },
  {
    "date": "2021-06-30",
    "symbol": "HSBC",
    "reportedCurrency": "USD",
    "cik": "0000000000",
    "fillingDate": "2021-06-30",
    "acceptedDate": "2021-06-29 20:00:00",
    "calendarYear": "2021",
    "period": "Q2",
    "revenue": 16601000000,
    "costOfRevenue": 0,
    "grossProfit": 16601000000,
    "grossProfitRatio": 1,
    "researchAndDevelopmentExpenses": 0,
    "generalAndAdministrativeExpenses": 5675000000,
    "sellingAndMarketingExpenses": 10770000000,
    "sellingGeneralAndAdministrativeExpenses": 16445000000,
    "otherExpenses": 12059000000,
    "operatingExpenses": 12059000000,
    "costAndExpenses": 12059000000,
    "interestIncome": 11446000000,
    "interestExpense": 0,
    "depreciationAndAmortization": -4597000000,
    "ebitda": 0,
    "ebitdaratio": 0,
    "operatingIncome": 4814000000,
    "operatingIncomeRatio": 0.2899825312,
    "totalOtherIncomeExpensesNet": 463000000,
    "incomeBeforeTax": 5060000000,
    "incomeBeforeTaxRatio": 0.3048009156,
    "incomeTaxExpense": 1206000000,
    "netIncome": 3396000000,
    "netIncomeRatio": 0.20456599,
    "eps": 0.18,
    "epsdiluted": 0.18,
    "weightedAverageShsOut": 20225000000,
    "weightedAverageShsOutDil": 20226000000,
    "link": "https://find-and-update.company-information.service.gov.uk/search/companies?q=HSBC+Holdings+plc",
    "finalLink": "https://find-and-update.company-information.service.gov.uk/search/companies?q=HSBC+Holdings+plc"
  },
  {
    "date": "2021-03-31",
    "symbol": "HSBC",
    "reportedCurrency": "USD",
    "cik": "0000000000",
    "fillingDate": "2021-03-31",
    "acceptedDate": "2021-03-30 20:00:00",
    "calendarYear": "2021",
    "period": "Q1",
    "revenue": 16830000000,
    "costOfRevenue": 0,
    "grossProfit": 16830000000,
    "grossProfitRatio": 1,
    "researchAndDevelopmentExpenses": 0,
    "generalAndAdministrativeExpenses": 0,
    "sellingAndMarketingExpenses": 0,
    "sellingGeneralAndAdministrativeExpenses": 0,
    "otherExpenses": 12095000000,
    "operatingExpenses": 12095000000,
    "costAndExpenses": 12095000000,
    "interestIncome": 6514000000,
    "interestExpense": 0,
    "depreciationAndAmortization": -5228000000,
    "ebitda": 0,
    "ebitdaratio": 0,
    "operatingIncome": 5552000000,
    "operatingIncomeRatio": 0.3298871064,
    "totalOtherIncomeExpensesNet": 551000000,
    "incomeBeforeTax": 5779000000,
    "incomeBeforeTaxRatio": 0.3433749257,
    "incomeTaxExpense": 1211000000,
    "netIncome": 3880000000,
    "netIncomeRatio": 0.2305407011,
    "eps": 0.19,
    "epsdiluted": 0.19,
    "weightedAverageShsOut": 20197000000,
    "weightedAverageShsOutDil": 20197000000,
    "link": "https://find-and-update.company-information.service.gov.uk/search/companies?q=HSBC+Holdings+plc",
    "finalLink": "https://find-and-update.company-information.service.gov.uk/search/companies?q=HSBC+Holdings+plc"
  },
  {
    "date": "2020-12-31",
    "symbol": "HSBC",
    "reportedCurrency": "USD",
    "cik": "0000000000",
    "fillingDate": "2020-12-31",
    "acceptedDate": "2020-12-30 19:00:00",
    "calendarYear": "2020",
    "period": "Q4",
    "revenue": 15936000000,
    "costOfRevenue": 0,
    "grossProfit": 15936000000,
    "grossProfitRatio": 1,
    "researchAndDevelopmentExpenses": 0,
    "generalAndAdministrativeExpenses": 11115000000,
    "sellingAndMarketingExpenses": 7760000000,
    "sellingGeneralAndAdministrativeExpenses": 18875000000,
    "otherExpenses": 13583000000,
    "operatingExpenses": 13583000000,
    "costAndExpenses": 13583000000,
    "interestIncome": 20797000000,
    "interestExpense": 0,
    "depreciationAndAmortization": -1052000000,
    "ebitda": 0,
    "ebitdaratio": 0,
    "operatingIncome": 1210000000,
    "operatingIncomeRatio": 0.0759287149,
    "totalOtherIncomeExpensesNet": 333000000,
    "incomeBeforeTax": 1385000000,
    "incomeBeforeTaxRatio": 0.0869101406,
    "incomeTaxExpense": 450000000,
    "netIncome": 760000000,
    "netIncomeRatio": 0.0476907631,
    "eps": 0.0377,
    "epsdiluted": 0.0377,
    "weightedAverageShsOut": 20164000000,
    "weightedAverageShsOutDil": 20164000000,
    "link": "https://find-and-update.company-information.service.gov.uk/search/companies?q=HSBC+Holdings+plc",
    "finalLink": "https://find-and-update.company-information.service.gov.uk/search/companies?q=HSBC+Holdings+plc"
  },
  {
    "date": "2020-09-30",
    "symbol": "HSBC",
    "reportedCurrency": "USD",
    "cik": "0000000000",
    "fillingDate": "2020-09-30",
    "acceptedDate": "2020-09-29 20:00:00",
    "calendarYear": "2020",
    "period": "Q3",
    "revenue": 15824000000,
    "costOfRevenue": 0,
    "grossProfit": 15824000000,
    "grossProfitRatio": 1,
    "researchAndDevelopmentExpenses": 0,
    "generalAndAdministrativeExpenses": 0,
    "sellingAndMarketingExpenses": 0,
    "sellingGeneralAndAdministrativeExpenses": 4483000000,
    "otherExpenses": -7968000000,
    "operatingExpenses": 11441000000,
    "costAndExpenses": 11441000000,
    "interestIncome": 6450000000,
    "interestExpense": 0,
    "depreciationAndAmortization": -3728000000,
    "ebitda": 0,
    "ebitdaratio": 0,
    "operatingIncome": 2865000000,
    "operatingIncomeRatio": 0.181054095,
    "totalOtherIncomeExpensesNet": -654000000,
    "incomeBeforeTax": 3074000000,
    "incomeBeforeTaxRatio": 0.1942618807,
    "incomeTaxExpense": 1035000000,
    "netIncome": 1830000000,
    "netIncomeRatio": 0.1156471183,
    "eps": 0.0908,
    "epsdiluted": 0.0908,
    "weightedAverageShsOut": 20164000000,
    "weightedAverageShsOutDil": 20164000000,
    "link": "https://find-and-update.company-information.service.gov.uk/search/companies?q=HSBC+Holdings+plc",
    "finalLink": "https://find-and-update.company-information.service.gov.uk/search/companies?q=HSBC+Holdings+plc"
  },
  {
    "date": "2020-06-30",
    "symbol": "HSBC",
    "reportedCurrency": "USD",
    "cik": "0000000000",
    "fillingDate": "2020-06-30",
    "acceptedDate": "2020-06-29 20:00:00",
    "calendarYear": "2020",
    "period": "Q2",
    "revenue": 17097000000,
    "costOfRevenue": 0,
    "grossProfit": 17097000000,
    "grossProfitRatio": 1,
    "researchAndDevelopmentExpenses": 0,
    "generalAndAdministrativeExpenses": 4918000000,
    "sellingAndMarketingExpenses": 9723000000,
    "sellingGeneralAndAdministrativeExpenses": 14641000000,
    "otherExpenses": -7451000000,
    "operatingExpenses": 11505000000,
    "costAndExpenses": 11505000000,
    "interestIncome": 15388000000,
    "interestExpense": 0,
    "depreciationAndAmortization": -2268000000,
    "ebitda": -1604000000,
    "ebitdaratio": -0.0938176288,
    "operatingIncome": 863000000,
    "operatingIncomeRatio": 0.0504766918,
    "totalOtherIncomeExpensesNet": -4503000000,
    "incomeBeforeTax": 1089000000,
    "incomeBeforeTaxRatio": 0.0636953852,
    "incomeTaxExpense": 472000000,
    "netIncome": 391000000,
    "netIncomeRatio": 0.0228695093,
    "eps": 0.0194,
    "epsdiluted": 0.0194,
    "weightedAverageShsOut": 20152000000,
    "weightedAverageShsOutDil": 20172000000,
    "link": "https://find-and-update.company-information.service.gov.uk/search/companies?q=HSBC+Holdings+plc",
    "finalLink": "https://find-and-update.company-information.service.gov.uk/search/companies?q=HSBC+Holdings+plc"
  },
  {
    "date": "2020-03-31",
    "symbol": "HSBC",
    "reportedCurrency": "USD",
    "cik": "0000000000",
    "fillingDate": "2020-03-31",
    "acceptedDate": "2020-03-30 20:00:00",
    "calendarYear": "2020",
    "period": "Q1",
    "revenue": 14027000000,
    "costOfRevenue": 0,
    "grossProfit": 14027000000,
    "grossProfitRatio": 1,
    "researchAndDevelopmentExpenses": 0,
    "generalAndAdministrativeExpenses": 0,
    "sellingAndMarketingExpenses": 0,
    "sellingGeneralAndAdministrativeExpenses": 0,
    "otherExpenses": -7852000000,
    "operatingExpenses": 8012000000,
    "costAndExpenses": 8012000000,
    "interestIncome": 7612000000,
    "interestExpense": 0,
    "depreciationAndAmortization": -2978000000,
    "ebitda": 0,
    "ebitdaratio": 0,
    "operatingIncome": 2969000000,
    "operatingIncomeRatio": 0.2116632209,
    "totalOtherIncomeExpensesNet": 251000000,
    "incomeBeforeTax": 3229000000,
    "incomeBeforeTaxRatio": 0.2301989021,
    "incomeTaxExpense": 721000000,
    "netIncome": 1785000000,
    "netIncomeRatio": 0.1272545805,
    "eps": 0.09,
    "epsdiluted": 0.09,
    "weightedAverageShsOut": 20172000000,
    "weightedAverageShsOutDil": 20245000000,
    "link": "https://find-and-update.company-information.service.gov.uk/search/companies?q=HSBC+Holdings+plc",
    "finalLink": "https://find-and-update.company-information.service.gov.uk/search/companies?q=HSBC+Holdings+plc"
  }
]