[
  {
    "date": "2024-09-28",
    "symbol": "DIS",
    "reportedCurrency": "USD",
    "cik": "0001744489",
    "fillingDate": "2024-11-14",
    "acceptedDate": "2024-11-14 06:46:46",
    "calendarYear": "2024",
    "period": "FY",
    "revenue": 91361000000,
    "costOfRevenue": 58698000000,
    "grossProfit": 32663000000,
    "grossProfitRatio": 0.357515789,
    "researchAndDevelopmentExpenses": 0,
    "generalAndAdministrativeExpenses": 0,
    "sellingAndMarketingExpenses": 0,
    "sellingGeneralAndAdministrativeExpenses": 15759000000,
    "otherExpenses": 4990000000,
    "operatingExpenses": 20749000000,
    "costAndExpenses": 79312000000,
    "interestIncome": 406000000,
    "interestExpense": 1447000000,
    "depreciationAndAmortization": 4990000000,
    "ebitda": 14006000000,
    "ebitdaratio": 0.1533039262,
    "operatingIncome": 11583000000,
    "operatingIncomeRatio": 0.1267827629,
    "totalOtherIncomeExpensesNet": -4014000000,
    "incomeBeforeTax": 7569000000,
    "incomeBeforeTaxRatio": 0.0828471667,
    "incomeTaxExpense": 1796000000,
    "netIncome": 4972000000,
    "netIncomeRatio": 0.0544214709,
    "eps": 2.72,
    "epsdiluted": 2.72,
    "weightedAverageShsOut": 1825000000,
    "weightedAverageShsOutDil": 1831000000,
    "link": "https://www.sec.gov/Archives/edgar/data/1744489/000174448924000276/0001744489-24-000276-index.htm",
    "finalLink": "https://www.sec.gov/Archives/edgar/data/1744489/000174448924000276/dis-20240928.htm"
  },
  {
    "date": "2023-09-30",
    "symbol": "DIS",
    "reportedCurrency": "USD",
    "cik": "0001744489",
    "fillingDate": "2024-01-24",
    "acceptedDate": "2024-01-24 17:00:30",
    "calendarYear": "2023",
    "period": "FY",
    "revenue": 88898000000,
    "costOfRevenue": 59201000000,
    "grossProfit": 29697000000,
    "grossProfitRatio": 0.3340570092,
    "researchAndDevelopmentExpenses": 0,
    "generalAndAdministrativeExpenses": 0,
    "sellingAndMarketingExpenses": 0,
    "sellingGeneralAndAdministrativeExpenses": 15336000000,
    "otherExpenses": 0,
    "operatingExpenses": 23384000000,
    "costAndExpenses": 79710000000,
    "interestIncome": 424000000,
    "interestExpense": 1973000000,
    "depreciationAndAmortization": 5369000000,
    "ebitda": 11596000000,
    "ebitdaratio": 0.1304416297,
    "operatingIncome": 8992000000,
    "operatingIncomeRatio": 0.1011496322,
    "totalOtherIncomeExpensesNet": -4223000000,
    "incomeBeforeTax": 4769000000,
    "incomeBeforeTaxRatio": 0.0536457513,
    "incomeTaxExpense": 1379000000,
    "netIncome": 2354000000,
    "netIncomeRatio": 0.0264797858,
    "eps": 1.29,
    "epsdiluted": 1.29,
    "weightedAverageShsOut": 1828000000,
    "weightedAverageShsOutDil": 1830000000,
    "link": "https://www.sec.gov/Archives/edgar/data/1744489/000174448924000064/0001744489-24-000064-index.htm",
    "finalLink": "https://www.sec.gov/Archives/edgar/data/1744489/000174448924000064/dis-20230930.htm"
  },
  {
    "date": "2022-10-01",
    "symbol": "DIS",
    "reportedCurrency": "USD",
    "cik": "0001744489",
    "fillingDate": "2023-01-24",
    "acceptedDate": "2023-01-24 16:15:45",
    "calendarYear": "2022",
    "period": "FY",
    "revenue": 82722000000,
    "costOfRevenue": 54401000000,
    "grossProfit": 28321000000,
    "grossProfitRatio": 0.3423635792,
    "researchAndDevelopmentExpenses": 0,
    "generalAndAdministrativeExpenses": 0,
    "sellingAndMarketingExpenses": 0,
    "sellingGeneralAndAdministrativeExpenses": 16326000000,
    "otherExpenses": 0,
    "operatingExpenses": 21577000000,
    "costAndExpenses": 75978000000,
    "interestIncome": 152000000,
    "interestExpense": 1397000000,
    "depreciationAndAmortization": 5163000000,
    "ebitda": 11997000000,
    "ebitdaratio": 0.1450279249,
    "operatingIncome": 6832000000,
    "operatingIncomeRatio": 0.0825898794,
    "totalOtherIncomeExpensesNet": -1547000000,
    "incomeBeforeTax": 5285000000,
    "incomeBeforeTaxRatio": 0.0638886874,
    "incomeTaxExpense": 1732000000,
    "netIncome": 3193000000,
    "netIncomeRatio": 0.0385991635,
    "eps": 1.75,
    "epsdiluted": 1.75,
    "weightedAverageShsOut": 1822000000,
    "weightedAverageShsOutDil": 1827000000,
    "link": "https://www.sec.gov/Archives/edgar/data/1744489/000119312523014219/0001193125-23-014219-index.htm",
    "finalLink": "https://www.sec.gov/Archives/edgar/data/1744489/000119312523014219/d431948d10ka.htm"
  },
  {
    "date": "2021-10-02",
    "symbol": "DIS",
    "reportedCurrency": "USD",
    "cik": "0001744489",
    "fillingDate": "2021-11-24",
    "acceptedDate": "2021-11-24 16:34:25",
    "calendarYear": "2021",
    "period": "FY",
    "revenue": 67418000000,
    "costOfRevenue": 45131000000,
    "grossProfit": 22287000000,
    "grossProfitRatio": 0.3305793705,
    "researchAndDevelopmentExpenses": 0,
    "generalAndAdministrativeExpenses": 0,
    "sellingAndMarketingExpenses": 0,
    "sellingGeneralAndAdministrativeExpenses": 13684000000,
    "otherExpenses": 0,
    "operatingExpenses": 18487000000,
    "costAndExpenses": 63618000000,
    "interestIncome": 140000000,
    "interestExpense": 1406000000,
    "depreciationAndAmortization": 5111000000,
    "ebitda": 9218000000,
    "ebitdaratio": 0.1367290635,
    "operatingIncome": 3492000000,
    "operatingIncomeRatio": 0.0517962562,
    "totalOtherIncomeExpensesNet": -1098000000,
    "incomeBeforeTax": 2561000000,
    "incomeBeforeTaxRatio": 0.0379868878,
    "incomeTaxExpense": 25000000,
    "netIncome": 2024000000,
    "netIncomeRatio": 0.0300216559,
    "eps": 1.11,
    "epsdiluted": 1.11,
    "weightedAverageShsOut": 1816000000,
    "weightedAverageShsOutDil": 1828000000,
    "link": "https://www.sec.gov/Archives/edgar/data/1744489/000174448921000220/0001744489-21-000220-index.htm",
    "finalLink": "https://www.sec.gov/Archives/edgar/data/1744489/000174448921000220/dis-20211002.htm"
  },
  {
    "date": "2020-10-03",
    "symbol": "DIS",
    "reportedCurrency": "USD",
    "cik": "0001744489",
    "fillingDate": "2020-11-25",
    "acceptedDate": "2020-11-25 16:59:53",
    "calendarYear": "2020",
    "period": "FY",
    "revenue": 65388000000,
    "costOfRevenue": 43880000000,
    "grossProfit": 21508000000,
    "grossProfitRatio": 0.3289288554,
    "researchAndDevelopmentExpenses": 0,
    "generalAndAdministrativeExpenses": 0,
    "sellingAndMarketingExpenses": 0,
    "sellingGeneralAndAdministrativeExpenses": 12382000000,
    "otherExpenses": 0,
    "operatingExpenses": 21773000000,
    "costAndExpenses": 65653000000,
    "interestIncome": 156000000,
    "interestExpense": 1491000000,
    "depreciationAndAmortization": 5345000000,
    "ebitda": 5249000000,
    "ebitdaratio": 0.0802746681,
    "operatingIncome": 3781000000,
    "operatingIncomeRatio": 0.0578240656,
    "totalOtherIncomeExpensesNet": -5537000000,
    "incomeBeforeTax": -1743000000,
    "incomeBeforeTaxRatio": -0.0266562672,
    "incomeTaxExpense": 699000000,
    "netIncome": -2832000000,
    "netIncomeRatio": -0.0433106992,
    "eps": -1.57,
    "epsdiluted": -1.57,
    "weightedAverageShsOut": 1808000000,
    "weightedAverageShsOutDil": 1808000000,
    "link": "https://www.sec.gov/Archives/edgar/data/1744489/000174448920000197/0001744489-20-000197-index.htm",
    "finalLink": "https://www.sec.gov/Archives/edgar/data/1744489/000174448920000197/dis-20201003.htm"
  },
  {
    "date": "2019-09-28",
    "symbol": "DIS",
    "reportedCurrency": "USD",
    "cik": "0001744489",
    "fillingDate": "2019-11-20",
    "acceptedDate": "2019-11-20 17:18:30",
    "calendarYear": "2019",
    "period": "FY",
    "revenue": 69607000000,
    "costOfRevenue": 42061000000,
    "grossProfit": 27546000000,
    "grossProfitRatio": 0.395736061,
    "researchAndDevelopmentExpenses": 0,
    "generalAndAdministrativeExpenses": 0,
    "sellingAndMarketingExpenses": 0,
    "sellingGeneralAndAdministrativeExpenses": 11349000000,
    "otherExpenses": 0,
    "operatingExpenses": 12745000000,
    "costAndExpenses": 54806000000,
    "interestIncome": 268000000,
    "interestExpense": 978000000,
    "depreciationAndAmortization": 4167000000,
    "ebitda": 19336000000,
    "ebitdaratio": 0.2777881535,
    "operatingIncome": 12030000000,
    "operatingIncomeRatio": 0.1728274455,
    "totalOtherIncomeExpensesNet": 2093000000,
    "incomeBeforeTax": 13923000000,
    "incomeBeforeTaxRatio": 0.2000229862,
    "incomeTaxExpense": 3031000000,
    "netIncome": 10425000000,
    "netIncomeRatio": 0.1497694197,
    "eps": 6.3,
    "epsdiluted": 6.26,
    "weightedAverageShsOut": 1656000000,
    "weightedAverageShsOutDil": 1666000000,
    "link": "https://www.sec.gov/Archives/edgar/data/1744489/000174448919000225/0001744489-19-000225-index.htm",
    "finalLink": "https://www.sec.gov/Archives/edgar/data/1744489/000174448919000225/fy2019q410k.htm"
  },
  {
    "date": "2018-09-30",
    "symbol": "DIS",
    "reportedCurrency": "USD",
    "cik": "0001744489",
    "fillingDate": "2018-09-30",
    "acceptedDate": "2018-09-29 20:00:00",
    "calendarYear": "2018",
    "period": "FY",
    "revenue": 59434000000,
    "costOfRevenue": 32726000000,
    "grossProfit": 26708000000,
    "grossProfitRatio": 0.4493724131,
    "researchAndDevelopmentExpenses": 0,
    "generalAndAdministrativeExpenses": 0,
    "sellingAndMarketingExpenses": 0,
    "sellingGeneralAndAdministrativeExpenses": 8860000000,
    "otherExpenses": 0,
    "operatingExpenses": 11405000000,
    "costAndExpenses": 44131000000,
    "interestIncome": 108000000,
    "interestExpense": 574000000,
    "depreciationAndAmortization": 3011000000,
    "ebitda": 18446000000,
    "ebitdaratio": 0.3103610728,
    "operatingIncome": 14837000000,
    "operatingIncomeRatio": 0.2496382542,
    "totalOtherIncomeExpensesNet": -108000000,
    "incomeBeforeTax": 14729000000,
    "incomeBeforeTaxRatio": 0.2478211125,
    "incomeTaxExpense": 1663000000,
    "netIncome": 12598000000,
    "netIncomeRatio": 0.2119662146,
    "eps": 8.4,
    "epsdiluted": 8.36,
    "weightedAverageShsOut": 1499000000,
    "weightedAverageShsOutDil": 1507000000,
    "link": "",
    "finalLink": ""
  },
  {
    "date": "2017-09-30",
    "symbol": "DIS",
    "reportedCurrency": "USD",
    "cik": "0001744489",
    "fillingDate": "2017-09-30",
    "acceptedDate": "2017-09-29 20:00:00",
    "calendarYear": "2017",
    "period": "FY",
    "revenue": 55137000000,
    "costOfRevenue": 30306000000,
    "grossProfit": 24831000000,
    "grossProfitRatio": 0.450350944,
    "researchAndDevelopmentExpenses": 0,
    "generalAndAdministrativeExpenses": 0,
    "sellingAndMarketingExpenses": 0,
    "sellingGeneralAndAdministrativeExpenses": 8176000000,
    "otherExpenses": 0,
    "operatingExpenses": 10631000000,
    "costAndExpenses": 40937000000,
    "interestIncome": 122000000,
    "interestExpense": 385000000,
    "depreciationAndAmortization": 2782000000,
    "ebitda": 17110000000,
    "ebitdaratio": 0.3103179353,
    "operatingIncome": 13873000000,
    "operatingIncomeRatio": 0.2516096269,
    "totalOtherIncomeExpensesNet": -85000000,
    "incomeBeforeTax": 13788000000,
    "incomeBeforeTaxRatio": 0.2500680124,
    "incomeTaxExpense": 4422000000,
    "netIncome": 8980000000,
    "netIncomeRatio": 0.1628670403,
    "eps": 5.73,
    "epsdiluted": 5.69,
    "weightedAverageShsOut": 1568000000,
    "weightedAverageShsOutDil": 1578000000,
    "link": "",
    "finalLink": ""
  },
  {
    "date": "2016-09-30",
    "symbol": "DIS",
    "reportedCurrency": "USD",
    "cik": "0001744489",
    "fillingDate": "2016-09-30",
    "acceptedDate": "2016-09-29 20:00:00",
    "calendarYear": "2016",
    "period": "FY",
    "revenue": 55632000000,
    "costOfRevenue": 29864000000,
    "grossProfit": 25768000000,
    "grossProfitRatio": 0.4631866552,
    "researchAndDevelopmentExpenses": 0,
    "generalAndAdministrativeExpenses": 0,
    "sellingAndMarketingExpenses": 0,
    "sellingGeneralAndAdministrativeExpenses": 8754000000,
    "otherExpenses": 0,
    "operatingExpenses": 10640000000,
    "costAndExpenses": 40504000000,
    "interestIncome": 94000000,
    "interestExpense": 260000000,
    "depreciationAndAmortization": 2527000000,
    "ebitda": 17841000000,
    "ebitdaratio": 0.3206967213,
    "operatingIncome": 14487000000,
    "operatingIncomeRatio": 0.260407679,
    "totalOtherIncomeExpensesNet": 381000000,
    "incomeBeforeTax": 14868000000,
    "incomeBeforeTaxRatio": 0.2672562554,
    "incomeTaxExpense": 5078000000,
    "netIncome": 9391000000,
    "netIncomeRatio": 0.1688057233,
    "eps": 5.76,
    "epsdiluted": 5.73,
    "weightedAverageShsOut": 1629000000,
    "weightedAverageShsOutDil": 1639000000,
    "link": "",
    "finalLink": ""
  },
  {
    "date": "2015-09-30",
    "symbol": "DIS",
    "reportedCurrency": "USD",
    "cik": "0001744489",
    "fillingDate": "2015-09-30",
    "acceptedDate": "2015-09-29 20:00:00",
    "calendarYear": "2015",
    "period": "FY",
    "revenue": 52465000000,
    "costOfRevenue": 28364000000,
    "grossProfit": 24101000000,
    "grossProfitRatio": 0.4593729153,
    "researchAndDevelopmentExpenses": 0,
    "generalAndAdministrativeExpenses": 0,
    "sellingAndMarketingExpenses": 0,
    "sellingGeneralAndAdministrativeExpenses": 8523000000,
    "otherExpenses": 0,
    "operatingExpenses": 10088000000,
    "costAndExpenses": 38452000000,
    "interestIncome": 148000000,
    "interestExpense": 117000000,
    "depreciationAndAmortization": 2354000000,
    "ebitda": 16673000000,
    "ebitdaratio": 0.3177928143,
    "operatingIncome": 13224000000,
    "operatingIncomeRatio": 0.2520537501,
    "totalOtherIncomeExpensesNet": 644000000,
    "incomeBeforeTax": 13868000000,
    "incomeBeforeTaxRatio": 0.2643286,
    "incomeTaxExpense": 5016000000,
    "netIncome": 8382000000,
    "netIncomeRatio": 0.159763652,
    "eps": 4.95,
    "epsdiluted": 4.9,
    "weightedAverageShsOut": 1694000000,
    "weightedAverageShsOutDil": 1709000000,
    "link": "",
    "finalLink": ""
  }
]