[
  {
    "date": "2024-12-28",
    "symbol": "DIS",
    "reportedCurrency": "USD",
    "cik": "0001744489",
    "fillingDate": "2025-02-05",
    "acceptedDate": "2025-02-05 06:43:16",
    "calendarYear": "2025",
    "period": "Q1",
    "revenue": 24690000000,
    "costOfRevenue": 15406000000,
    "grossProfit": 9284000000,
    "grossProfitRatio": 0.3760226812,
    "researchAndDevelopmentExpenses": 0,
    "generalAndAdministrativeExpenses": 0,
    "sellingAndMarketingExpenses": 0,
    "sellingGeneralAndAdministrativeExpenses": 3930000000,
    "otherExpenses": 0,
    "operatingExpenses": 3930000000,
    "costAndExpenses": 19336000000,
    "interestIncome": 120000000,
    "interestExpense": 487000000,
    "depreciationAndAmortization": 1276000000,
    "ebitda": 5423000000,
    "ebitdaratio": 0.2196435804,
    "operatingIncome": 5354000000,
    "operatingIncomeRatio": 0.2168489267,
    "totalOtherIncomeExpensesNet": -1694000000,
    "incomeBeforeTax": 3660000000,
    "incomeBeforeTaxRatio": 0.1482381531,
    "incomeTaxExpense": 1106000000,
    "netIncome": 2554000000,
    "netIncomeRatio": 0.1034426893,
    "eps": 1.41,
    "epsdiluted": 1.4,
    "weightedAverageShsOut": 1812000000,
    "weightedAverageShsOutDil": 1818000000,
    "link": "https://www.sec.gov/Archives/edgar/data/1744489/000174448925000067/0001744489-25-000067-index.htm",
    "finalLink": "https://www.sec.gov/Archives/edgar/data/1744489/000174448925000067/dis-20241228.htm"
  },
  {
    "date": "2024-09-28",
    "symbol": "DIS",
    "reportedCurrency": "USD",
    "cik": "0001744489",
    "fillingDate": "2024-11-14",
    "acceptedDate": "2024-11-14 06:46:46",
    "calendarYear": "2024",
    "period": "Q4",
    "revenue": 22574000000,
    "costOfRevenue": 14230000000,
    "grossProfit": 8344000000,
    "grossProfitRatio": 0.3696287765,
    "researchAndDevelopmentExpenses": 0,
    "generalAndAdministrativeExpenses": 0,
    "sellingAndMarketingExpenses": 0,
    "sellingGeneralAndAdministrativeExpenses": 4314000000,
    "otherExpenses": 4030000000,
    "operatingExpenses": 8344000000,
    "costAndExpenses": 19830000000,
    "interestIncome": 171000000,
    "interestExpense": 532000000,
    "depreciationAndAmortization": 1285000000,
    "ebitda": 2738000000,
    "ebitdaratio": 0.1212899796,
    "operatingIncome": 2646000000,
    "operatingIncomeRatio": 0.1172144946,
    "totalOtherIncomeExpensesNet": -1698000000,
    "incomeBeforeTax": 948000000,
    "incomeBeforeTaxRatio": 0.0419952157,
    "incomeTaxExpense": 384000000,
    "netIncome": 460000000,
    "netIncomeRatio": 0.0203774254,
    "eps": 0.25,
    "epsdiluted": 0.25,
    "weightedAverageShsOut": 1814000000,
    "weightedAverageShsOutDil": 1819000000,
    "link": "https://www.sec.gov/Archives/edgar/data/1744489/000174448924000276/0001744489-24-000276-index.htm",
    "finalLink": "https://www.sec.gov/Archives/edgar/data/1744489/000174448924000276/dis-20240928.htm"
  },
  {
    "date": "2024-06-29",
    "symbol": "DIS",
    "reportedCurrency": "USD",
    "cik": "0001744489",
    "fillingDate": "2024-08-07",
    "acceptedDate": "2024-08-07 06:54:11",
    "calendarYear": "2024",
    "period": "Q3",
    "revenue": 23155000000,
    "costOfRevenue": 14709000000,
    "grossProfit": 8446000000,
    "grossProfitRatio": 0.3647592313,
    "researchAndDevelopmentExpenses": 0,
    "generalAndAdministrativeExpenses": 0,
    "sellingAndMarketingExpenses": 0,
    "sellingGeneralAndAdministrativeExpenses": 3872000000,
    "otherExpenses": 0,
    "operatingExpenses": 4912000000,
    "costAndExpenses": 19621000000,
    "interestIncome": 167000000,
    "interestExpense": 509000000,
    "depreciationAndAmortization": 1220000000,
    "ebitda": 4640000000,
    "ebitdaratio": 0.2003886849,
    "operatingIncome": 3453000000,
    "operatingIncomeRatio": 0.1491254589,
    "totalOtherIncomeExpensesNet": -360000000,
    "incomeBeforeTax": 3093000000,
    "incomeBeforeTaxRatio": 0.1335780609,
    "incomeTaxExpense": 251000000,
    "netIncome": 2621000000,
    "netIncomeRatio": 0.1131936947,
    "eps": 1.44,
    "epsdiluted": 1.43,
    "weightedAverageShsOut": 1821000000,
    "weightedAverageShsOutDil": 1829000000,
    "link": "https://www.sec.gov/Archives/edgar/data/1744489/000174448924000232/0001744489-24-000232-index.htm",
    "finalLink": "https://www.sec.gov/Archives/edgar/data/1744489/000174448924000232/dis-20240629.htm"
  },
  {
    "date": "2024-03-30",
    "symbol": "DIS",
    "reportedCurrency": "USD",
    "cik": "0001744489",
    "fillingDate": "2024-05-07",
    "acceptedDate": "2024-05-07 09:01:19",
    "calendarYear": "2024",
    "period": "Q2",
    "revenue": 22083000000,
    "costOfRevenue": 14172000000,
    "grossProfit": 7911000000,
    "grossProfitRatio": 0.3582393697,
    "researchAndDevelopmentExpenses": 0,
    "generalAndAdministrativeExpenses": 0,
    "sellingAndMarketingExpenses": 0,
    "sellingGeneralAndAdministrativeExpenses": 3687000000,
    "otherExpenses": 0,
    "operatingExpenses": 6840000000,
    "costAndExpenses": 21012000000,
    "interestIncome": 190000000,
    "interestExpense": 501000000,
    "depreciationAndAmortization": 1242000000,
    "ebitda": 2231000000,
    "ebitdaratio": 0.10102794,
    "operatingIncome": 2982000000,
    "operatingIncomeRatio": 0.1350360005,
    "totalOtherIncomeExpensesNet": -2325000000,
    "incomeBeforeTax": 657000000,
    "incomeBeforeTaxRatio": 0.0297513925,
    "incomeTaxExpense": 441000000,
    "netIncome": -20000000,
    "netIncomeRatio": -0.000905674,
    "eps": -0.0109,
    "epsdiluted": -0.0109,
    "weightedAverageShsOut": 1834000000,
    "weightedAverageShsOutDil": 1834000000,
    "link": "https://www.sec.gov/Archives/edgar/data/1744489/000174448924000152/0001744489-24-000152-index.htm",
    "finalLink": "https://www.sec.gov/Archives/edgar/data/1744489/000174448924000152/dis-20240330.htm"
  },
  {
    "date": "2023-12-30",
    "symbol": "DIS",
    "reportedCurrency": "USD",
    "cik": "0001744489",
    "fillingDate": "2024-02-07",
    "acceptedDate": "2024-02-07 17:00:58",
    "calendarYear": "2024",
    "period": "Q1",
    "revenue": 23549000000,
    "costOfRevenue": 15587000000,
    "grossProfit": 7962000000,
    "grossProfitRatio": 0.3381035288,
    "researchAndDevelopmentExpenses": 0,
    "generalAndAdministrativeExpenses": 0,
    "sellingAndMarketingExpenses": 0,
    "sellingGeneralAndAdministrativeExpenses": 3683000000,
    "otherExpenses": 0,
    "operatingExpenses": 4745000000,
    "costAndExpenses": 20332000000,
    "interestIncome": 282000000,
    "interestExpense": 528000000,
    "depreciationAndAmortization": 1243000000,
    "ebitda": 4397000000,
    "ebitdaratio": 0.186717058,
    "operatingIncome": 3036000000,
    "operatingIncomeRatio": 0.1289226719,
    "totalOtherIncomeExpensesNet": -165000000,
    "incomeBeforeTax": 2871000000,
    "incomeBeforeTaxRatio": 0.1219160049,
    "incomeTaxExpense": 720000000,
    "netIncome": 1911000000,
    "netIncomeRatio": 0.0811499427,
    "eps": 1.04,
    "epsdiluted": 1.04,
    "weightedAverageShsOut": 1832000000,
    "weightedAverageShsOutDil": 1835000000,
    "link": "https://www.sec.gov/Archives/edgar/data/1744489/000174448924000081/0001744489-24-000081-index.htm",
    "finalLink": "https://www.sec.gov/Archives/edgar/data/1744489/000174448924000081/dis-20231230.htm"
  },
  {
    "date": "2023-09-30",
    "symbol": "DIS",
    "reportedCurrency": "USD",
    "cik": "0001744489",
    "fillingDate": "2024-01-24",
    "acceptedDate": "2024-01-24 17:00:30",
    "calendarYear": "2023",
    "period": "Q4",
    "revenue": 21241000000,
    "costOfRevenue": 13728000000,
    "grossProfit": 7513000000,
    "grossProfitRatio": 0.3537027447,
    "researchAndDevelopmentExpenses": 0,
    "generalAndAdministrativeExpenses": 0,
    "sellingAndMarketingExpenses": 0,
    "sellingGeneralAndAdministrativeExpenses": 3938000000,
    "otherExpenses": 0,
    "operatingExpenses": 6146000000,
    "costAndExpenses": 19874000000,
    "interestIncome": 476000000,
    "interestExpense": 501000000,
    "depreciationAndAmortization": 1409000000,
    "ebitda": 2765000000,
    "ebitdaratio": 0.1301727791,
    "operatingIncome": 2166000000,
    "operatingIncomeRatio": 0.1019726002,
    "totalOtherIncomeExpensesNet": -1159000000,
    "incomeBeforeTax": 1007000000,
    "incomeBeforeTaxRatio": 0.0474083141,
    "incomeTaxExpense": 313000000,
    "netIncome": 264000000,
    "netIncomeRatio": 0.0124287934,
    "eps": 0.14,
    "epsdiluted": 0.14,
    "weightedAverageShsOut": 1831000000,
    "weightedAverageShsOutDil": 1833000000,
    "link": "https://www.sec.gov/Archives/edgar/data/1744489/000174448924000064/0001744489-24-000064-index.htm",
    "finalLink": "https://www.sec.gov/Archives/edgar/data/1744489/000174448924000064/dis-20230930.htm"
  },
  {
    "date": "2023-07-01",
    "symbol": "DIS",
    "reportedCurrency": "USD",
    "cik": "0001744489",
    "fillingDate": "2023-08-09",
    "acceptedDate": "2023-08-09 17:01:19",
    "calendarYear": "2023",
    "period": "Q3",
    "revenue": 22330000000,
    "costOfRevenue": 14471000000,
    "grossProfit": 7859000000,
    "grossProfitRatio": 0.3519480519,
    "researchAndDevelopmentExpenses": 0,
    "generalAndAdministrativeExpenses": 0,
    "sellingAndMarketingExpenses": 0,
    "sellingGeneralAndAdministrativeExpenses": 3787000000,
    "otherExpenses": 0,
    "operatingExpenses": 7601000000,
    "costAndExpenses": 22072000000,
    "interestIncome": 111000000,
    "interestExpense": 503000000,
    "depreciationAndAmortization": 1344000000,
    "ebitda": 1512000000,
    "ebitdaratio": 0.0677115987,
    "operatingIncome": 2728000000,
    "operatingIncomeRatio": 0.1221674877,
    "totalOtherIncomeExpensesNet": 19000000,
    "incomeBeforeTax": -134000000,
    "incomeBeforeTaxRatio": -0.0060008957,
    "incomeTaxExpense": 19000000,
    "netIncome": -460000000,
    "netIncomeRatio": -0.0206000896,
    "eps": -0.25,
    "epsdiluted": -0.25,
    "weightedAverageShsOut": 1829000000,
    "weightedAverageShsOutDil": 1829000000,
    "link": "https://www.sec.gov/Archives/edgar/data/1744489/000174448923000171/0001744489-23-000171-index.htm",
    "finalLink": "https://www.sec.gov/Archives/edgar/data/1744489/000174448923000171/dis-20230701.htm"
  },
  {
    "date": "2023-04-01",
    "symbol": "DIS",
    "reportedCurrency": "USD",
    "cik": "0001744489",
    "fillingDate": "2023-05-10",
    "acceptedDate": "2023-05-10 17:02:02",
    "calendarYear": "2023",
    "period": "Q2",
    "revenue": 21815000000,
    "costOfRevenue": 14616000000,
    "grossProfit": 7199000000,
    "grossProfitRatio": 0.330002292,
    "researchAndDevelopmentExpenses": 0,
    "generalAndAdministrativeExpenses": 0,
    "sellingAndMarketingExpenses": 0,
    "sellingGeneralAndAdministrativeExpenses": 3530000000,
    "otherExpenses": 0,
    "operatingExpenses": 4670000000,
    "costAndExpenses": 19286000000,
    "interestIncome": 182000000,
    "interestExpense": 504000000,
    "depreciationAndAmortization": 1310000000,
    "ebitda": 3811000000,
    "ebitdaratio": 0.1746963099,
    "operatingIncome": 2359000000,
    "operatingIncomeRatio": 0.1081366033,
    "totalOtherIncomeExpensesNet": -236000000,
    "incomeBeforeTax": 2123000000,
    "incomeBeforeTaxRatio": 0.0973183589,
    "incomeTaxExpense": 635000000,
    "netIncome": 1271000000,
    "netIncomeRatio": 0.0582626633,
    "eps": 0.7,
    "epsdiluted": 0.69,
    "weightedAverageShsOut": 1828000000,
    "weightedAverageShsOutDil": 1831000000,
    "link": "https://www.sec.gov/Archives/edgar/data/1744489/000174448923000099/0001744489-23-000099-index.htm",
    "finalLink": "https://www.sec.gov/Archives/edgar/data/1744489/000174448923000099/dis-20230401.htm"
  },
  {
    "date": "2022-12-31",
    "symbol": "DIS",
    "reportedCurrency": "USD",
    "cik": "0001744489",
    "fillingDate": "2023-02-08",
    "acceptedDate": "2023-02-08 17:02:03",
    "calendarYear": "2023",
    "period": "Q1",
    "revenue": 23512000000,
    "costOfRevenue": 16386000000,
    "grossProfit": 7126000000,
    "grossProfitRatio": 0.3030792787,
    "researchAndDevelopmentExpenses": 0,
    "generalAndAdministrativeExpenses": 0,
    "sellingAndMarketingExpenses": 0,
    "sellingGeneralAndAdministrativeExpenses": 3741000000,
    "otherExpenses": 0,
    "operatingExpenses": 4967000000,
    "costAndExpenses": 21353000000,
    "interestIncome": 165000000,
    "interestExpense": 465000000,
    "depreciationAndAmortization": 1306000000,
    "ebitda": 3544000000,
    "ebitdaratio": 0.1507315413,
    "operatingIncome": 2079000000,
    "operatingIncomeRatio": 0.088422933,
    "totalOtherIncomeExpensesNet": -306000000,
    "incomeBeforeTax": 1773000000,
    "incomeBeforeTaxRatio": 0.0754083021,
    "incomeTaxExpense": 412000000,
    "netIncome": 1279000000,
    "netIncomeRatio": 0.0543977543,
    "eps": 0.7,
    "epsdiluted": 0.7,
    "weightedAverageShsOut": 1825000000,
    "weightedAverageShsOutDil": 1827000000,
    "link": "https://www.sec.gov/Archives/edgar/data/1744489/000174448923000049/0001744489-23-000049-index.htm",
    "finalLink": "https://www.sec.gov/Archives/edgar/data/1744489/000174448923000049/dis-20221231.htm"
  },
  {
    "date": "2022-10-01",
    "symbol": "DIS",
    "reportedCurrency": "USD",
    "cik": "0001744489",
    "fillingDate": "2023-01-24",
    "acceptedDate": "2023-01-24 16:15:45",
    "calendarYear": "2022",
    "period": "Q4",
    "revenue": 20150000000,
    "costOfRevenue": 13558000000,
    "grossProfit": 6592000000,
    "grossProfitRatio": 0.327146402,
    "researchAndDevelopmentExpenses": 0,
    "generalAndAdministrativeExpenses": 0,
    "sellingAndMarketingExpenses": 0,
    "sellingGeneralAndAdministrativeExpenses": 4716000000,
    "otherExpenses": 0,
    "operatingExpenses": 5828000000,
    "costAndExpenses": 19386000000,
    "interestIncome": 63000000,
    "interestExpense": 434000000,
    "depreciationAndAmortization": 1317000000,
    "ebitda": 2052000000,
    "ebitdaratio": 0.1018362283,
    "operatingIncome": 559000000,
    "operatingIncomeRatio": 0.0277419355,
    "totalOtherIncomeExpensesNet": -183000000,
    "incomeBeforeTax": 376000000,
    "incomeBeforeTaxRatio": 0.0186600496,
    "incomeTaxExpense": 122000000,
    "netIncome": 162000000,
    "netIncomeRatio": 0.0080397022,
    "eps": 0.0888,
    "epsdiluted": 0.0888,
    "weightedAverageShsOut": 1824000000,
    "weightedAverageShsOutDil": 1826000000,
    "link": "https://www.sec.gov/Archives/edgar/data/1744489/000119312523014219/0001193125-23-014219-index.htm",
    "finalLink": "https://www.sec.gov/Archives/edgar/data/1744489/000119312523014219/d431948d10ka.htm"
  },
  {
    "date": "2022-07-02",
    "symbol": "DIS",
    "reportedCurrency": "USD",
    "cik": "0001744489",
    "fillingDate": "2022-08-10",
    "acceptedDate": "2022-08-10 17:01:59",
    "calendarYear": "2022",
    "period": "Q3",
    "revenue": 21504000000,
    "costOfRevenue": 13682000000,
    "grossProfit": 7822000000,
    "grossProfitRatio": 0.3637462798,
    "researchAndDevelopmentExpenses": 0,
    "generalAndAdministrativeExpenses": 0,
    "sellingAndMarketingExpenses": 0,
    "sellingGeneralAndAdministrativeExpenses": 4087000000,
    "otherExpenses": 0,
    "operatingExpenses": 5330000000,
    "costAndExpenses": 19012000000,
    "interestIncome": 7000000,
    "interestExpense": 380000000,
    "depreciationAndAmortization": 1290000000,
    "ebitda": 3796000000,
    "ebitdaratio": 0.1765252976,
    "operatingIncome": 2445000000,
    "operatingIncomeRatio": 0.1136997768,
    "totalOtherIncomeExpensesNet": -326000000,
    "incomeBeforeTax": 2119000000,
    "incomeBeforeTaxRatio": 0.0985398065,
    "incomeTaxExpense": 617000000,
    "netIncome": 1409000000,
    "netIncomeRatio": 0.0655226935,
    "eps": 0.77,
    "epsdiluted": 0.77,
    "weightedAverageShsOut": 1823000000,
    "weightedAverageShsOutDil": 1825000000,
    "link": "https://www.sec.gov/Archives/edgar/data/1744489/000174448922000161/0001744489-22-000161-index.htm",
    "finalLink": "https://www.sec.gov/Archives/edgar/data/1744489/000174448922000161/dis-20220702.htm"
  },
  {
    "date": "2022-04-02",
    "symbol": "DIS",
    "reportedCurrency": "USD",
    "cik": "0001744489",
    "fillingDate": "2022-05-11",
    "acceptedDate": "2022-05-11 17:01:23",
    "calendarYear": "2022",
    "period": "Q2",
    "revenue": 19249000000,
    "costOfRevenue": 12594000000,
    "grossProfit": 6655000000,
    "grossProfitRatio": 0.3457322458,
    "researchAndDevelopmentExpenses": 0,
    "generalAndAdministrativeExpenses": 0,
    "sellingAndMarketingExpenses": 0,
    "sellingGeneralAndAdministrativeExpenses": 3752000000,
    "otherExpenses": 0,
    "operatingExpenses": 5182000000,
    "costAndExpenses": 17776000000,
    "interestIncome": 3000000,
    "interestExpense": 374000000,
    "depreciationAndAmortization": 1287000000,
    "ebitda": 2793000000,
    "ebitdaratio": 0.1450984467,
    "operatingIncome": 1616000000,
    "operatingIncomeRatio": 0.0839524131,
    "totalOtherIncomeExpensesNet": -514000000,
    "incomeBeforeTax": 1102000000,
    "incomeBeforeTaxRatio": 0.0572497273,
    "incomeTaxExpense": 505000000,
    "netIncome": 470000000,
    "netIncomeRatio": 0.0244168528,
    "eps": 0.26,
    "epsdiluted": 0.26,
    "weightedAverageShsOut": 1822000000,
    "weightedAverageShsOutDil": 1828000000,
    "link": "https://www.sec.gov/Archives/edgar/data/1744489/000174448922000100/0001744489-22-000100-index.htm",
    "finalLink": "https://www.sec.gov/Archives/edgar/data/1744489/000174448922000100/dis-20220402.htm"
  },
  {
    "date": "2022-01-01",
    "symbol": "DIS",
    "reportedCurrency": "USD",
    "cik": "0001744489",
    "fillingDate": "2022-02-09",
    "acceptedDate": "2022-02-09 17:00:57",
    "calendarYear": "2022",
    "period": "Q1",
    "revenue": 21819000000,
    "costOfRevenue": 14567000000,
    "grossProfit": 7252000000,
    "grossProfitRatio": 0.3323708694,
    "researchAndDevelopmentExpenses": 0,
    "generalAndAdministrativeExpenses": 0,
    "sellingAndMarketingExpenses": 0,
    "sellingGeneralAndAdministrativeExpenses": 3771000000,
    "otherExpenses": 0,
    "operatingExpenses": 5237000000,
    "costAndExpenses": 19804000000,
    "interestIncome": 34000000,
    "interestExpense": 361000000,
    "depreciationAndAmortization": 1269000000,
    "ebitda": 3356000000,
    "ebitdaratio": 0.1538108988,
    "operatingIncome": 2212000000,
    "operatingIncomeRatio": 0.1013795316,
    "totalOtherIncomeExpensesNet": -524000000,
    "incomeBeforeTax": 1688000000,
    "incomeBeforeTaxRatio": 0.0773637655,
    "incomeTaxExpense": 488000000,
    "netIncome": 1152000000,
    "netIncomeRatio": 0.0527980201,
    "eps": 0.63,
    "epsdiluted": 0.63,
    "weightedAverageShsOut": 1819000000,
    "weightedAverageShsOutDil": 1828000000,
    "link": "https://www.sec.gov/Archives/edgar/data/1744489/000174448922000059/0001744489-22-000059-index.htm",
    "finalLink": "https://www.sec.gov/Archives/edgar/data/1744489/000174448922000059/dis-20220101.htm"
  },
  {
    "date": "2021-10-02",
    "symbol": "DIS",
    "reportedCurrency": "USD",
    "cik": "0001744489",
    "fillingDate": "2021-11-24",
    "acceptedDate": "2021-11-24 16:34:25",
    "calendarYear": "2021",
    "period": "Q4",
    "revenue": 18534000000,
    "costOfRevenue": 12341000000,
    "grossProfit": 6193000000,
    "grossProfitRatio": 0.3341426567,
    "researchAndDevelopmentExpenses": 0,
    "generalAndAdministrativeExpenses": 0,
    "sellingAndMarketingExpenses": 0,
    "sellingGeneralAndAdministrativeExpenses": 4386000000,
    "otherExpenses": 0,
    "operatingExpenses": 5653000000,
    "costAndExpenses": 17994000000,
    "interestIncome": 6000000,
    "interestExpense": 323000000,
    "depreciationAndAmortization": 1275000000,
    "ebitda": 1888000000,
    "ebitdaratio": 0.1018668393,
    "operatingIncome": 532000000,
    "operatingIncomeRatio": 0.0287040035,
    "totalOtherIncomeExpensesNet": -242000000,
    "incomeBeforeTax": 290000000,
    "incomeBeforeTaxRatio": 0.0156469192,
    "incomeTaxExpense": 34000000,
    "netIncome": 160000000,
    "netIncomeRatio": 0.008632783,
    "eps": 0.088,
    "epsdiluted": 0.088,
    "weightedAverageShsOut": 1818000000,
    "weightedAverageShsOutDil": 1830000000,
    "link": "https://www.sec.gov/Archives/edgar/data/1744489/000174448921000220/0001744489-21-000220-index.htm",
    "finalLink": "https://www.sec.gov/Archives/edgar/data/1744489/000174448921000220/dis-20211002.htm"
  },
  {
    "date": "2021-07-03",
    "symbol": "DIS",
    "reportedCurrency": "USD",
    "cik": "0001744489",
    "fillingDate": "2021-08-12",
    "acceptedDate": "2021-08-12 17:01:29",
    "calendarYear": "2021",
    "period": "Q3",
    "revenue": 17022000000,
    "costOfRevenue": 11233000000,
    "grossProfit": 5789000000,
    "grossProfitRatio": 0.3400892962,
    "researchAndDevelopmentExpenses": 0,
    "generalAndAdministrativeExpenses": 0,
    "sellingAndMarketingExpenses": 0,
    "sellingGeneralAndAdministrativeExpenses": 3200000000,
    "otherExpenses": 0,
    "operatingExpenses": 4390000000,
    "costAndExpenses": 15623000000,
    "interestIncome": 0,
    "interestExpense": 413000000,
    "depreciationAndAmortization": 1266000000,
    "ebitda": 2702000000,
    "ebitdaratio": 0.1587357537,
    "operatingIncome": 1323000000,
    "operatingIncomeRatio": 0.0777229468,
    "totalOtherIncomeExpensesNet": -390000000,
    "incomeBeforeTax": 995000000,
    "incomeBeforeTaxRatio": 0.0584537657,
    "incomeTaxExpense": -133000000,
    "netIncome": 923000000,
    "netIncomeRatio": 0.0542239455,
    "eps": 0.51,
    "epsdiluted": 0.5,
    "weightedAverageShsOut": 1818000000,
    "weightedAverageShsOutDil": 1830000000,
    "link": "https://www.sec.gov/Archives/edgar/data/1744489/000174448921000181/0001744489-21-000181-index.htm",
    "finalLink": "https://www.sec.gov/Archives/edgar/data/1744489/000174448921000181/dis-20210703.htm"
  },
  {
    "date": "2021-04-03",
    "symbol": "DIS",
    "reportedCurrency": "USD",
    "cik": "0001744489",
    "fillingDate": "2021-05-13",
    "acceptedDate": "2021-05-13 17:01:15",
    "calendarYear": "2021",
    "period": "Q2",
    "revenue": 15613000000,
    "costOfRevenue": 9782000000,
    "grossProfit": 5831000000,
    "grossProfitRatio": 0.3734708256,
    "researchAndDevelopmentExpenses": 0,
    "generalAndAdministrativeExpenses": 0,
    "sellingAndMarketingExpenses": 0,
    "sellingGeneralAndAdministrativeExpenses": 3149000000,
    "otherExpenses": 0,
    "operatingExpenses": 4317000000,
    "costAndExpenses": 14099000000,
    "interestIncome": 131000000,
    "interestExpense": 415000000,
    "depreciationAndAmortization": 1272000000,
    "ebitda": 2951000000,
    "ebitdaratio": 0.189009159,
    "operatingIncome": 1410000000,
    "operatingIncomeRatio": 0.0903093576,
    "totalOtherIncomeExpensesNet": -180000000,
    "incomeBeforeTax": 1230000000,
    "incomeBeforeTaxRatio": 0.0787805034,
    "incomeTaxExpense": 108000000,
    "netIncome": 912000000,
    "netIncomeRatio": 0.0584128611,
    "eps": 0.5,
    "epsdiluted": 0.5,
    "weightedAverageShsOut": 1817000000,
    "weightedAverageShsOutDil": 1829000000,
    "link": "https://www.sec.gov/Archives/edgar/data/1744489/000174448921000108/0001744489-21-000108-index.htm",
    "finalLink": "https://www.sec.gov/Archives/edgar/data/1744489/000174448921000108/dis-20210403.htm"
  },
  {
    "date": "2021-01-02",
    "symbol": "DIS",
    "reportedCurrency": "USD",
    "cik": "0001744489",
    "fillingDate": "2021-02-11",
    "acceptedDate": "2021-02-11 17:01:06",
    "calendarYear": "2021",
    "period": "Q1",
    "revenue": 16249000000,
    "costOfRevenue": 11775000000,
    "grossProfit": 4474000000,
    "grossProfitRatio": 0.2753400209,
    "researchAndDevelopmentExpenses": 0,
    "generalAndAdministrativeExpenses": 0,
    "sellingAndMarketingExpenses": 0,
    "sellingGeneralAndAdministrativeExpenses": 2950000000,
    "otherExpenses": 0,
    "operatingExpenses": 4137000000,
    "costAndExpenses": 15912000000,
    "interestIncome": 80000000,
    "interestExpense": 404000000,
    "depreciationAndAmortization": 1298000000,
    "ebitda": 1783000000,
    "ebitdaratio": 0.1097298295,
    "operatingIncome": 226000000,
    "operatingIncomeRatio": 0.0139085482,
    "totalOtherIncomeExpensesNet": -180000000,
    "incomeBeforeTax": 46000000,
    "incomeBeforeTaxRatio": 0.0028309434,
    "incomeTaxExpense": 16000000,
    "netIncome": 29000000,
    "netIncomeRatio": 0.0017847252,
    "eps": 0.016,
    "epsdiluted": 0.016,
    "weightedAverageShsOut": 1812000000,
    "weightedAverageShsOutDil": 1823000000,
    "link": "https://www.sec.gov/Archives/edgar/data/1744489/000174448921000047/0001744489-21-000047-index.htm",
    "finalLink": "https://www.sec.gov/Archives/edgar/data/1744489/000174448921000047/dis-20210102.htm"
  },
  {
    "date": "2020-10-03",
    "symbol": "DIS",
    "reportedCurrency": "USD",
    "cik": "0001744489",
    "fillingDate": "2020-11-25",
    "acceptedDate": "2020-11-25 16:59:53",
    "calendarYear": "2020",
    "period": "Q4",
    "revenue": 14707000000,
    "costOfRevenue": 11013000000,
    "grossProfit": 3694000000,
    "grossProfitRatio": 0.2511729109,
    "researchAndDevelopmentExpenses": 0,
    "generalAndAdministrativeExpenses": 0,
    "sellingAndMarketingExpenses": 0,
    "sellingGeneralAndAdministrativeExpenses": 2833000000,
    "otherExpenses": 0,
    "operatingExpenses": 3799000000,
    "costAndExpenses": 14812000000,
    "interestIncome": 8000000,
    "interestExpense": 496000000,
    "depreciationAndAmortization": 1335000000,
    "ebitda": 1162000000,
    "ebitdaratio": 0.0790099952,
    "operatingIncome": -474000000,
    "operatingIncomeRatio": -0.0322295506,
    "totalOtherIncomeExpensesNet": -127000000,
    "incomeBeforeTax": -580000000,
    "incomeBeforeTaxRatio": -0.0394370028,
    "incomeTaxExpense": 49000000,
    "netIncome": -710000000,
    "netIncomeRatio": -0.048276331,
    "eps": -0.39,
    "epsdiluted": -0.4,
    "weightedAverageShsOut": 1773116064,
    "weightedAverageShsOutDil": 1809000000,
    "link": "https://www.sec.gov/Archives/edgar/data/1744489/000174448920000197/0001744489-20-000197-index.htm",
    "finalLink": "https://www.sec.gov/Archives/edgar/data/1744489/000174448920000197/dis-20201003.htm"
  },
  {
    "date": "2020-06-27",
    "symbol": "DIS",
    "reportedCurrency": "USD",
    "cik": "0001744489",
    "fillingDate": "2020-08-04",
    "acceptedDate": "2020-08-04 17:03:34",
    "calendarYear": "2020",
    "period": "Q3",
    "revenue": 11779000000,
    "costOfRevenue": 7896000000,
    "grossProfit": 3883000000,
    "grossProfitRatio": 0.3296544698,
    "researchAndDevelopmentExpenses": 0,
    "generalAndAdministrativeExpenses": 0,
    "sellingAndMarketingExpenses": 0,
    "sellingGeneralAndAdministrativeExpenses": 2452000000,
    "otherExpenses": 0,
    "operatingExpenses": 8308000000,
    "costAndExpenses": 16204000000,
    "interestIncome": 41000000,
    "interestExpense": 456000000,
    "depreciationAndAmortization": 1377000000,
    "ebitda": -2996000000,
    "ebitdaratio": -0.2543509636,
    "operatingIncome": 54000000,
    "operatingIncomeRatio": 0.0045844299,
    "totalOtherIncomeExpensesNet": -331000000,
    "incomeBeforeTax": -4840000000,
    "incomeBeforeTaxRatio": -0.4109007556,
    "incomeTaxExpense": -331000000,
    "netIncome": -4718000000,
    "netIncomeRatio": -0.4005433398,
    "eps": -2.61,
    "epsdiluted": -2.61,
    "weightedAverageShsOut": 1807662835,
    "weightedAverageShsOutDil": 1809000000,
    "link": "https://www.sec.gov/Archives/edgar/data/1744489/000174448920000151/0001744489-20-000151-index.htm",
    "finalLink": "https://www.sec.gov/Archives/edgar/data/1744489/000174448920000151/dis-20200627.htm"
  },
  {
    "date": "2020-03-28",
    "symbol": "DIS",
    "reportedCurrency": "USD",
    "cik": "0001744489",
    "fillingDate": "2020-05-05",
    "acceptedDate": "2020-05-05 16:20:37",
    "calendarYear": "2020",
    "period": "Q2",
    "revenue": 18025000000,
    "costOfRevenue": 11937000000,
    "grossProfit": 6088000000,
    "grossProfitRatio": 0.3377531207,
    "researchAndDevelopmentExpenses": 0,
    "generalAndAdministrativeExpenses": 0,
    "sellingAndMarketingExpenses": 0,
    "sellingGeneralAndAdministrativeExpenses": 3391000000,
    "otherExpenses": 0,
    "operatingExpenses": 4735000000,
    "costAndExpenses": 16672000000,
    "interestIncome": 63000000,
    "interestExpense": 365000000,
    "depreciationAndAmortization": 1334000000,
    "ebitda": 2750000000,
    "ebitdaratio": 0.1525658807,
    "operatingIncome": 1363000000,
    "operatingIncomeRatio": 0.0756171983,
    "totalOtherIncomeExpensesNet": -312000000,
    "incomeBeforeTax": 1051000000,
    "incomeBeforeTaxRatio": 0.0583079057,
    "incomeTaxExpense": 525000000,
    "netIncome": 468000000,
    "netIncomeRatio": 0.025963939,
    "eps": 0.26,
    "epsdiluted": 0.26,
    "weightedAverageShsOut": 1808000000,
    "weightedAverageShsOutDil": 1816000000,
    "link": "https://www.sec.gov/Archives/edgar/data/1744489/000174448920000102/0001744489-20-000102-index.htm",
    "finalLink": "https://www.sec.gov/Archives/edgar/data/1744489/000174448920000102/dis-20200328.htm"
  }
]