[
  {
    "date": "2024-12-31",
    "symbol": "JD",
    "reportedCurrency": "CNY",
    "cik": "0001549802",
    "fillingDate": "2024-12-31",
    "acceptedDate": "2024-12-31 00:00:00",
    "calendarYear": "2024",
    "period": "FY",
    "revenue": 1158819000000,
    "costOfRevenue": 1045377000000,
    "grossProfit": 113442000000,
    "grossProfitRatio": 0.0978944943,
    "researchAndDevelopmentExpenses": 17031000000,
    "generalAndAdministrativeExpenses": 8888000000,
    "sellingAndMarketingExpenses": 47953000000,
    "sellingGeneralAndAdministrativeExpenses": 56841000000,
    "otherExpenses": 834000000,
    "operatingExpenses": 74706000000,
    "costAndExpenses": 1120083000000,
    "interestIncome": 0,
    "interestExpense": 0,
    "depreciationAndAmortization": 7786664720,
    "ebitda": 47356664720,
    "ebitdaratio": 0.0408663171,
    "operatingIncome": 38736000000,
    "operatingIncomeRatio": 0.0334271357,
    "totalOtherIncomeExpensesNet": 12802000000,
    "incomeBeforeTax": 51538000000,
    "incomeBeforeTaxRatio": 0.0444745901,
    "incomeTaxExpense": 6878000000,
    "netIncome": 41359000000,
    "netIncomeRatio": 0.0356906471,
    "eps": 13.43,
    "epsdiluted": 13.445,
    "weightedAverageShsOut": 3079597914,
    "weightedAverageShsOutDil": 3076000000,
    "link": null,
    "finalLink": null
  },
  {
    "date": "2023-12-31",
    "symbol": "JD",
    "reportedCurrency": "CNY",
    "cik": "0001549802",
    "fillingDate": "2024-04-18",
    "acceptedDate": "2024-04-18 07:00:51",
    "calendarYear": "2023",
    "period": "FY",
    "revenue": 1084662000000,
    "costOfRevenue": 924958000000,
    "grossProfit": 159704000000,
    "grossProfitRatio": 0.1472384946,
    "researchAndDevelopmentExpenses": 16393000000,
    "generalAndAdministrativeExpenses": 9710000000,
    "sellingAndMarketingExpenses": 40133000000,
    "sellingGeneralAndAdministrativeExpenses": 49843000000,
    "otherExpenses": 67443000000,
    "operatingExpenses": 133679000000,
    "costAndExpenses": 1058637000000,
    "interestIncome": 9576000000,
    "interestExpense": 2881000000,
    "depreciationAndAmortization": 8292000000,
    "ebitda": 42823000000,
    "ebitdaratio": 0.0394805018,
    "operatingIncome": 26025000000,
    "operatingIncomeRatio": 0.0239936496,
    "totalOtherIncomeExpensesNet": 5625000000,
    "incomeBeforeTax": 31650000000,
    "incomeBeforeTaxRatio": 0.029179597,
    "incomeTaxExpense": 8393000000,
    "netIncome": 24167000000,
    "netIncomeRatio": 0.0222806736,
    "eps": 7.69,
    "epsdiluted": 7.62,
    "weightedAverageShsOut": 3144233160,
    "weightedAverageShsOutDil": 3170542396,
    "link": "https://www.sec.gov/Archives/edgar/data/1549802/000119312524099869/0001193125-24-099869-index.htm",
    "finalLink": "https://www.sec.gov/Archives/edgar/data/1549802/000119312524099869/d573654d20f.htm"
  },
  {
    "date": "2022-12-31",
    "symbol": "JD",
    "reportedCurrency": "CNY",
    "cik": "0001549802",
    "fillingDate": "2023-04-20",
    "acceptedDate": "2023-04-20 08:30:12",
    "calendarYear": "2022",
    "period": "FY",
    "revenue": 1046236000000,
    "costOfRevenue": 899163000000,
    "grossProfit": 147073000000,
    "grossProfitRatio": 0.1405734461,
    "researchAndDevelopmentExpenses": 16893000000,
    "generalAndAdministrativeExpenses": 74064000000,
    "sellingAndMarketingExpenses": 37772000000,
    "sellingGeneralAndAdministrativeExpenses": 111836000000,
    "otherExpenses": -1555000000,
    "operatingExpenses": 128729000000,
    "costAndExpenses": 1027892000000,
    "interestIncome": 5742000000,
    "interestExpense": 2106000000,
    "depreciationAndAmortization": 6987000000,
    "ebitda": 23209000000,
    "ebitdaratio": 0.0221833315,
    "operatingIncome": 19723000000,
    "operatingIncomeRatio": 0.0188513873,
    "totalOtherIncomeExpensesNet": -5856000000,
    "incomeBeforeTax": 13867000000,
    "incomeBeforeTaxRatio": 0.0132541797,
    "incomeTaxExpense": 4176000000,
    "netIncome": 10380000000,
    "netIncomeRatio": 0.0099212797,
    "eps": 3.32,
    "epsdiluted": 3.26,
    "weightedAverageShsOut": 3125571110,
    "weightedAverageShsOutDil": 3180886136,
    "link": "https://www.sec.gov/Archives/edgar/data/1549802/000119312523107486/0001193125-23-107486-index.htm",
    "finalLink": "https://www.sec.gov/Archives/edgar/data/1549802/000119312523107486/d416083d20f.htm"
  },
  {
    "date": "2021-12-31",
    "symbol": "JD",
    "reportedCurrency": "CNY",
    "cik": "0001549802",
    "fillingDate": "2022-04-28",
    "acceptedDate": "2022-04-28 08:33:44",
    "calendarYear": "2021",
    "period": "FY",
    "revenue": 951592154000,
    "costOfRevenue": 822525462000,
    "grossProfit": 129066692000,
    "grossProfitRatio": 0.1356323625,
    "researchAndDevelopmentExpenses": 16332036000,
    "generalAndAdministrativeExpenses": 70617658000,
    "sellingAndMarketingExpenses": 38743040000,
    "sellingGeneralAndAdministrativeExpenses": 109360698000,
    "otherExpenses": -590222000,
    "operatingExpenses": 125692734000,
    "costAndExpenses": 948218196000,
    "interestIncome": 4213000000,
    "interestExpense": 1213455000,
    "depreciationAndAmortization": 6487000000,
    "ebitda": 4141000000,
    "ebitdaratio": 0.0043516542,
    "operatingIncome": 3373958000,
    "operatingIncomeRatio": 0.0035455925,
    "totalOtherIncomeExpensesNet": -6721000000,
    "incomeBeforeTax": -2580000000,
    "incomeBeforeTaxRatio": -0.0027112456,
    "incomeTaxExpense": 1887000000,
    "netIncome": -3560000000,
    "netIncomeRatio": -0.0037410985,
    "eps": -1.15,
    "epsdiluted": -1.15,
    "weightedAverageShsOut": 3107436665,
    "weightedAverageShsOutDil": 3107436665,
    "link": "https://www.sec.gov/Archives/edgar/data/1549802/000119312522125563/0001193125-22-125563-index.htm",
    "finalLink": "https://www.sec.gov/Archives/edgar/data/1549802/000119312522125563/d261582d20f.htm"
  },
  {
    "date": "2020-12-31",
    "symbol": "JD",
    "reportedCurrency": "CNY",
    "cik": "0001549802",
    "fillingDate": "2021-04-16",
    "acceptedDate": "2021-04-16 17:05:36",
    "calendarYear": "2020",
    "period": "FY",
    "revenue": 745801886000,
    "costOfRevenue": 636693551000,
    "grossProfit": 109108335000,
    "grossProfitRatio": 0.1462966735,
    "researchAndDevelopmentExpenses": 16148948000,
    "generalAndAdministrativeExpenses": 55109342000,
    "sellingAndMarketingExpenses": 27155972000,
    "sellingGeneralAndAdministrativeExpenses": 82265314000,
    "otherExpenses": 32556439000,
    "operatingExpenses": 98414262000,
    "costAndExpenses": 735107813000,
    "interestIncome": 2753360000,
    "interestExpense": 1125181000,
    "depreciationAndAmortization": 6330149000,
    "ebitda": 58012000000,
    "ebitdaratio": 0.0777847322,
    "operatingIncome": 44227671000,
    "operatingIncomeRatio": 0.059302171,
    "totalOtherIncomeExpensesNet": 6591329000,
    "incomeBeforeTax": 50819000000,
    "incomeBeforeTaxRatio": 0.0681400798,
    "incomeTaxExpense": 1482000000,
    "netIncome": 49405000000,
    "netIncomeRatio": 0.0662441339,
    "eps": 16.35,
    "epsdiluted": 15.89,
    "weightedAverageShsOut": 3021808985,
    "weightedAverageShsOutDil": 3109024030,
    "link": "https://www.sec.gov/Archives/edgar/data/1549802/000119312521119536/0001193125-21-119536-index.htm",
    "finalLink": "https://www.sec.gov/Archives/edgar/data/1549802/000119312521119536/d17722d20f.htm"
  },
  {
    "date": "2019-12-31",
    "symbol": "JD",
    "reportedCurrency": "CNY",
    "cik": "0001549802",
    "fillingDate": "2020-04-15",
    "acceptedDate": "2020-04-15 16:04:30",
    "calendarYear": "2019",
    "period": "FY",
    "revenue": 576888484000,
    "costOfRevenue": 492467391000,
    "grossProfit": 84421093000,
    "grossProfitRatio": 0.1463386692,
    "researchAndDevelopmentExpenses": 14618677000,
    "generalAndAdministrativeExpenses": 42458200000,
    "sellingAndMarketingExpenses": 22234045000,
    "sellingGeneralAndAdministrativeExpenses": 64692245000,
    "otherExpenses": 5375309000,
    "operatingExpenses": 79310922000,
    "costAndExpenses": 571778313000,
    "interestIncome": 1785572000,
    "interestExpense": 725010000,
    "depreciationAndAmortization": 5882362000,
    "ebitda": 10532833000,
    "ebitdaratio": 0.0182580053,
    "operatingIncome": 4704778000,
    "operatingIncomeRatio": 0.0081554375,
    "totalOtherIncomeExpensesNet": 4698000000,
    "incomeBeforeTax": 13693000000,
    "incomeBeforeTaxRatio": 0.0237359566,
    "incomeTaxExpense": 1803000000,
    "netIncome": 12187255000,
    "netIncomeRatio": 0.0211258421,
    "eps": 4.18,
    "epsdiluted": 4.11,
    "weightedAverageShsOut": 2912637241,
    "weightedAverageShsOutDil": 2967321803,
    "link": "https://www.sec.gov/Archives/edgar/data/1549802/000119312520108084/0001193125-20-108084-index.htm",
    "finalLink": "https://www.sec.gov/Archives/edgar/data/1549802/000119312520108084/d875897d20f.htm"
  },
  {
    "date": "2018-12-31",
    "symbol": "JD",
    "reportedCurrency": "CNY",
    "cik": "0001549802",
    "fillingDate": "2019-04-15",
    "acceptedDate": "2019-04-15 08:40:47",
    "calendarYear": "2018",
    "period": "FY",
    "revenue": 462019759000,
    "costOfRevenue": 396066126000,
    "grossProfit": 65953633000,
    "grossProfitRatio": 0.1427506762,
    "researchAndDevelopmentExpenses": 12144383000,
    "generalAndAdministrativeExpenses": 37169324000,
    "sellingAndMarketingExpenses": 19236740000,
    "sellingGeneralAndAdministrativeExpenses": 56406064000,
    "otherExpenses": 95175000,
    "operatingExpenses": 68550447000,
    "costAndExpenses": 464616573000,
    "interestIncome": 2117921000,
    "interestExpense": 854538000,
    "depreciationAndAmortization": 5378933000,
    "ebitda": -4000,
    "ebitdaratio": -8.7e-09,
    "operatingIncome": -2619131000,
    "operatingIncomeRatio": -0.0056688723,
    "totalOtherIncomeExpensesNet": 245453000,
    "incomeBeforeTax": -2373678000,
    "incomeBeforeTaxRatio": -0.0051376114,
    "incomeTaxExpense": 426872000,
    "netIncome": -2491633000,
    "netIncomeRatio": -0.0053929144,
    "eps": -0.87,
    "epsdiluted": -0.87,
    "weightedAverageShsOut": 2877903000,
    "weightedAverageShsOutDil": 2877903000,
    "link": "https://www.sec.gov/Archives/edgar/data/1549802/000110465919021236/0001104659-19-021236-index.htm",
    "finalLink": "https://www.sec.gov/Archives/edgar/data/1549802/000110465919021236/a18-42062_120f.htm"
  },
  {
    "date": "2017-12-31",
    "symbol": "JD",
    "reportedCurrency": "CNY",
    "cik": "0001549802",
    "fillingDate": "2018-04-27",
    "acceptedDate": "2018-04-27 16:28:44",
    "calendarYear": "2017",
    "period": "FY",
    "revenue": 362331754000,
    "costOfRevenue": 311516831000,
    "grossProfit": 50814923000,
    "grossProfitRatio": 0.140244189,
    "researchAndDevelopmentExpenses": 6652374000,
    "generalAndAdministrativeExpenses": 30079918000,
    "sellingAndMarketingExpenses": 14918107000,
    "sellingGeneralAndAdministrativeExpenses": 44998025000,
    "otherExpenses": 1316408000,
    "operatingExpenses": 51650399000,
    "costAndExpenses": 363167230000,
    "interestIncome": 2530490000,
    "interestExpense": 963742000,
    "depreciationAndAmortization": 4108311000,
    "ebitda": 1084702000,
    "ebitdaratio": 0.0029936708,
    "operatingIncome": -835476000,
    "operatingIncomeRatio": -0.0023058316,
    "totalOtherIncomeExpensesNet": 956436000,
    "incomeBeforeTax": 120960000,
    "incomeBeforeTaxRatio": 0.0003338377,
    "incomeTaxExpense": 139593000,
    "netIncome": 128764000,
    "netIncomeRatio": 0.000355376,
    "eps": 0.05,
    "epsdiluted": 0.04,
    "weightedAverageShsOut": 2844826000,
    "weightedAverageShsOutDil": 2911462000,
    "link": "https://www.sec.gov/Archives/edgar/data/1549802/000110465918027777/0001104659-18-027777-index.htm",
    "finalLink": "https://www.sec.gov/Archives/edgar/data/1549802/000110465918027777/a18-5116_120f.htm"
  },
  {
    "date": "2016-12-31",
    "symbol": "JD",
    "reportedCurrency": "CNY",
    "cik": "0001549802",
    "fillingDate": "2017-05-01",
    "acceptedDate": "2017-05-01 08:57:36",
    "calendarYear": "2016",
    "period": "FY",
    "revenue": 260121645000,
    "costOfRevenue": 220698727000,
    "grossProfit": 39422918000,
    "grossProfitRatio": 0.1515557,
    "researchAndDevelopmentExpenses": 5380907000,
    "generalAndAdministrativeExpenses": 25613884000,
    "sellingAndMarketingExpenses": 10573024000,
    "sellingGeneralAndAdministrativeExpenses": 36186908000,
    "otherExpenses": 1474055000,
    "operatingExpenses": 41567815000,
    "costAndExpenses": 262266542000,
    "interestIncome": 481618000,
    "interestExpense": 259657000,
    "depreciationAndAmortization": 3371761000,
    "ebitda": 2156955000,
    "ebitdaratio": 0.0082921012,
    "operatingIncome": -2144897000,
    "operatingIncomeRatio": -0.0082457459,
    "totalOtherIncomeExpensesNet": -630248000,
    "incomeBeforeTax": -1881901000,
    "incomeBeforeTaxRatio": -0.0072346959,
    "incomeTaxExpense": 166391000,
    "netIncome": -2000444000,
    "netIncomeRatio": -0.0076904173,
    "eps": -0.71,
    "epsdiluted": -0.71,
    "weightedAverageShsOut": 2804768000,
    "weightedAverageShsOutDil": 2804768000,
    "link": "https://www.sec.gov/Archives/edgar/data/1549802/000110465917028187/0001104659-17-028187-index.htm",
    "finalLink": "https://www.sec.gov/Archives/edgar/data/1549802/000110465917028187/a17-4445_120f.htm"
  },
  {
    "date": "2015-12-31",
    "symbol": "JD",
    "reportedCurrency": "CNY",
    "cik": "0001549802",
    "fillingDate": "2016-04-18",
    "acceptedDate": "2016-04-18 06:30:34",
    "calendarYear": "2015",
    "period": "FY",
    "revenue": 181286955000,
    "costOfRevenue": 157008329000,
    "grossProfit": 24278626000,
    "grossProfitRatio": 0.1339237343,
    "researchAndDevelopmentExpenses": 3453804000,
    "generalAndAdministrativeExpenses": 16797977000,
    "sellingAndMarketingExpenses": 7736172000,
    "sellingGeneralAndAdministrativeExpenses": 24534149000,
    "otherExpenses": -140597000,
    "operatingExpenses": 27987953000,
    "costAndExpenses": 184996282000,
    "interestIncome": 414999000,
    "interestExpense": 82507000,
    "depreciationAndAmortization": 2619061000,
    "ebitda": -5176053000,
    "ebitdaratio": -0.0285517124,
    "operatingIncome": -6459456000,
    "operatingIncomeRatio": -0.0356311131,
    "totalOtherIncomeExpensesNet": -2398073000,
    "incomeBeforeTax": -7755972000,
    "incomeBeforeTaxRatio": -0.0427828467,
    "incomeTaxExpense": 14646000,
    "netIncome": -7731760000,
    "netIncomeRatio": -0.0426492905,
    "eps": -2.83,
    "epsdiluted": -2.83,
    "weightedAverageShsOut": 2735034000,
    "weightedAverageShsOutDil": 2735034000,
    "link": "https://www.sec.gov/Archives/edgar/data/1549802/000110465916111984/0001104659-16-111984-index.htm",
    "finalLink": "https://www.sec.gov/Archives/edgar/data/1549802/000110465916111984/a16-3659_120f.htm"
  }
]