[
  {
    "date": "2024-12-31",
    "symbol": "JD",
    "reportedCurrency": "CNY",
    "cik": "0001549802",
    "fillingDate": "2025-03-06",
    "acceptedDate": "2025-03-06 06:04:33",
    "calendarYear": "2024",
    "period": "Q4",
    "revenue": 346986000000,
    "costOfRevenue": 313990000000,
    "grossProfit": 32996000000,
    "grossProfitRatio": 0.0950931738,
    "researchAndDevelopmentExpenses": 4384000000,
    "generalAndAdministrativeExpenses": 2455000000,
    "sellingAndMarketingExpenses": 16832000000,
    "sellingGeneralAndAdministrativeExpenses": 19287000000,
    "otherExpenses": 834000000,
    "operatingExpenses": 24505000000,
    "costAndExpenses": 338495000000,
    "interestIncome": 0,
    "interestExpense": 0,
    "depreciationAndAmortization": 1998000000,
    "ebitda": 11323000000,
    "ebitdaratio": 0.0326324405,
    "operatingIncome": 8491000000,
    "operatingIncomeRatio": 0.0244707279,
    "totalOtherIncomeExpensesNet": 3123000000,
    "incomeBeforeTax": 11614000000,
    "incomeBeforeTaxRatio": 0.0334710911,
    "incomeTaxExpense": 750000000,
    "netIncome": 9854000000,
    "netIncomeRatio": 0.0283988403,
    "eps": 3.23,
    "epsdiluted": 3.24,
    "weightedAverageShsOut": 3050773992,
    "weightedAverageShsOutDil": 3041000000,
    "link": "https://www.sec.gov/Archives/edgar/data/1549802/000119312525047729/0001193125-25-047729-index.htm",
    "finalLink": "https://www.sec.gov/Archives/edgar/data/1549802/000119312525047729/d922533dex991.htm"
  },
  {
    "date": "2024-09-30",
    "symbol": "JD",
    "reportedCurrency": "CNY",
    "cik": "0001549802",
    "fillingDate": "2024-11-14",
    "acceptedDate": "2024-11-14 06:08:57",
    "calendarYear": "2024",
    "period": "Q3",
    "revenue": 260387000000,
    "costOfRevenue": 231622000000,
    "grossProfit": 28765000000,
    "grossProfitRatio": 0.1104701848,
    "researchAndDevelopmentExpenses": 4396000000,
    "generalAndAdministrativeExpenses": 2325000000,
    "sellingAndMarketingExpenses": 10000000000,
    "sellingGeneralAndAdministrativeExpenses": 12325000000,
    "otherExpenses": 0,
    "operatingExpenses": 16721000000,
    "costAndExpenses": 248343000000,
    "interestIncome": 0,
    "interestExpense": 681000000,
    "depreciationAndAmortization": 3880000000,
    "ebitda": 15924000000,
    "ebitdaratio": 0.0611551268,
    "operatingIncome": 12044000000,
    "operatingIncomeRatio": 0.0462542293,
    "totalOtherIncomeExpensesNet": 3199000000,
    "incomeBeforeTax": 15243000000,
    "incomeBeforeTaxRatio": 0.0585397889,
    "incomeTaxExpense": 2406000000,
    "netIncome": 11731000000,
    "netIncomeRatio": 0.0450521723,
    "eps": 4.02,
    "epsdiluted": 3.87,
    "weightedAverageShsOut": 2916000000,
    "weightedAverageShsOutDil": 3035000000,
    "link": "https://www.sec.gov/Archives/edgar/data/1549802/000119312524257928/0001193125-24-257928-index.htm",
    "finalLink": "https://www.sec.gov/Archives/edgar/data/1549802/000119312524257928/d815449dex991.htm"
  },
  {
    "date": "2024-06-30",
    "symbol": "JD",
    "reportedCurrency": "CNY",
    "cik": "0001549802",
    "fillingDate": "2024-08-15",
    "acceptedDate": "2024-08-15 06:06:28",
    "calendarYear": "2024",
    "period": "Q2",
    "revenue": 291396999999,
    "costOfRevenue": 245887999999,
    "grossProfit": 45509000000,
    "grossProfitRatio": 0.1561752523,
    "researchAndDevelopmentExpenses": 4217000000,
    "generalAndAdministrativeExpenses": 2132000000,
    "sellingAndMarketingExpenses": 11867000000,
    "sellingGeneralAndAdministrativeExpenses": 13999000000,
    "otherExpenses": 17221000000,
    "operatingExpenses": 35437000000,
    "costAndExpenses": 280895999999,
    "interestIncome": 0,
    "interestExpense": 688000000,
    "depreciationAndAmortization": 2250000000,
    "ebitda": 12751000000,
    "ebitdaratio": 0.0437581718,
    "operatingIncome": 10501000000,
    "operatingIncomeRatio": 0.0360367471,
    "totalOtherIncomeExpensesNet": 5115000000,
    "incomeBeforeTax": 15616000000,
    "incomeBeforeTaxRatio": 0.0535901193,
    "incomeTaxExpense": 2022000000,
    "netIncome": 12644000000,
    "netIncomeRatio": 0.0433909752,
    "eps": 4.2,
    "epsdiluted": 4.1,
    "weightedAverageShsOut": 3013000000,
    "weightedAverageShsOutDil": 3085000000,
    "link": "https://www.sec.gov/Archives/edgar/data/1549802/000119312524200955/0001193125-24-200955-index.htm",
    "finalLink": "https://www.sec.gov/Archives/edgar/data/1549802/000119312524200955/d857221dex991.htm"
  },
  {
    "date": "2024-03-31",
    "symbol": "JD",
    "reportedCurrency": "CNY",
    "cik": "0001549802",
    "fillingDate": "2024-03-06",
    "acceptedDate": "2024-03-06 06:09:27",
    "calendarYear": "2024",
    "period": "Q1",
    "revenue": 260049000000,
    "costOfRevenue": 220699000000,
    "grossProfit": 39350000000,
    "grossProfitRatio": 0.1513176363,
    "researchAndDevelopmentExpenses": 3967999999,
    "generalAndAdministrativeExpenses": 1976000000,
    "sellingAndMarketingExpenses": 9254000000,
    "sellingGeneralAndAdministrativeExpenses": 27681999999,
    "otherExpenses": 2696000000,
    "operatingExpenses": 31649999999,
    "costAndExpenses": 252349000000,
    "interestIncome": 2589000000,
    "interestExpense": 601000000,
    "depreciationAndAmortization": 2217000000,
    "ebitda": 11883000000,
    "ebitdaratio": 0.0456952344,
    "operatingIncome": 7700000000,
    "operatingIncomeRatio": 0.0296098043,
    "totalOtherIncomeExpensesNet": 1364999999,
    "incomeBeforeTax": 9064999999,
    "incomeBeforeTaxRatio": 0.0348588151,
    "incomeTaxExpense": 1700000000,
    "netIncome": 7130000000,
    "netIncomeRatio": 0.0274179097,
    "eps": 2.28,
    "epsdiluted": 2.27,
    "weightedAverageShsOut": 3126409229,
    "weightedAverageShsOutDil": 3144028808,
    "link": "https://www.sec.gov/Archives/edgar/data/1549802/000119312524059942/0001193125-24-059942-index.htm",
    "finalLink": "https://www.sec.gov/Archives/edgar/data/1549802/000119312524059942/d686136dex991.htm"
  },
  {
    "date": "2023-12-31",
    "symbol": "JD",
    "reportedCurrency": "CNY",
    "cik": "0001549802",
    "fillingDate": "2023-11-15",
    "acceptedDate": "2023-11-15 06:11:50",
    "calendarYear": "2023",
    "period": "Q4",
    "revenue": 306076999999,
    "costOfRevenue": 262996999999,
    "grossProfit": 43080000000,
    "grossProfitRatio": 0.1407488965,
    "researchAndDevelopmentExpenses": 4274999999,
    "generalAndAdministrativeExpenses": -44898000000,
    "sellingAndMarketingExpenses": 13110000000,
    "sellingGeneralAndAdministrativeExpenses": 32413999999,
    "otherExpenses": -6585000000,
    "operatingExpenses": 36688999999,
    "costAndExpenses": 299685999999,
    "interestIncome": 8649000000,
    "interestExpense": 927000000,
    "depreciationAndAmortization": 2177000000,
    "ebitda": 4233000000,
    "ebitdaratio": 0.0138298533,
    "operatingIncome": 6391000000,
    "operatingIncomeRatio": 0.0208803667,
    "totalOtherIncomeExpensesNet": -3085000000,
    "incomeBeforeTax": 3306000000,
    "incomeBeforeTaxRatio": 0.0108012036,
    "incomeTaxExpense": 1394000000,
    "netIncome": 3389000000,
    "netIncomeRatio": 0.0110723772,
    "eps": 1.08,
    "epsdiluted": 1.07,
    "weightedAverageShsOut": 3147000000,
    "weightedAverageShsOutDil": 3166000000,
    "link": "https://www.sec.gov/Archives/edgar/data/1549802/000119312523277501/0001193125-23-277501-index.htm",
    "finalLink": "https://www.sec.gov/Archives/edgar/data/1549802/000119312523277501/d256645dex991.htm"
  },
  {
    "date": "2023-09-30",
    "symbol": "JD",
    "reportedCurrency": "CNY",
    "cik": "0001549802",
    "fillingDate": "2023-08-16",
    "acceptedDate": "2023-08-16 06:32:10",
    "calendarYear": "2023",
    "period": "Q3",
    "revenue": 247698000000,
    "costOfRevenue": 208947000000,
    "grossProfit": 38751000000,
    "grossProfitRatio": 0.1564445413,
    "researchAndDevelopmentExpenses": 3794000000,
    "generalAndAdministrativeExpenses": 17699000000,
    "sellingAndMarketingExpenses": 7955000000,
    "sellingGeneralAndAdministrativeExpenses": 25654000000,
    "otherExpenses": 1782000000,
    "operatingExpenses": 29448000000,
    "costAndExpenses": 238395000000,
    "interestIncome": 0,
    "interestExpense": 710000000,
    "depreciationAndAmortization": 2101000000,
    "ebitda": 11512000000,
    "ebitdaratio": 0.0464759506,
    "operatingIncome": 9303000000,
    "operatingIncomeRatio": 0.0375578325,
    "totalOtherIncomeExpensesNet": 1499000000,
    "incomeBeforeTax": 10802000000,
    "incomeBeforeTaxRatio": 0.0436095568,
    "incomeTaxExpense": 2579000000,
    "netIncome": 7936000000,
    "netIncomeRatio": 0.0320390153,
    "eps": 2.52,
    "epsdiluted": 2.5,
    "weightedAverageShsOut": 3147000000,
    "weightedAverageShsOutDil": 3170000000,
    "link": "https://www.sec.gov/Archives/edgar/data/1549802/000119312523213825/0001193125-23-213825-index.htm",
    "finalLink": "https://www.sec.gov/Archives/edgar/data/1549802/000119312523213825/d518853dex991.htm"
  },
  {
    "date": "2023-06-30",
    "symbol": "JD",
    "reportedCurrency": "CNY",
    "cik": "0001549802",
    "fillingDate": "2023-05-11",
    "acceptedDate": "2023-05-11 06:09:34",
    "calendarYear": "2023",
    "period": "Q2",
    "revenue": 287931000000,
    "costOfRevenue": 246498000000,
    "grossProfit": 41433000000,
    "grossProfitRatio": 0.1438990591,
    "researchAndDevelopmentExpenses": 4072000000,
    "generalAndAdministrativeExpenses": 19037000000,
    "sellingAndMarketingExpenses": 11063000000,
    "sellingGeneralAndAdministrativeExpenses": 30100000000,
    "otherExpenses": 1211000000,
    "operatingExpenses": 34172000000,
    "costAndExpenses": 280670000000,
    "interestIncome": 654000000,
    "interestExpense": 654000000,
    "depreciationAndAmortization": 2053999999,
    "ebitda": 10388000000,
    "ebitdaratio": 0.0360780882,
    "operatingIncome": 8270000000,
    "operatingIncomeRatio": 0.0287221591,
    "totalOtherIncomeExpensesNet": 1464000000,
    "incomeBeforeTax": 9734000000,
    "incomeBeforeTaxRatio": 0.0338067106,
    "incomeTaxExpense": 2811000000,
    "netIncome": 6581000000,
    "netIncomeRatio": 0.0228561704,
    "eps": 2.09,
    "epsdiluted": 2.08,
    "weightedAverageShsOut": 3143000000,
    "weightedAverageShsOutDil": 3166000000,
    "link": "https://www.sec.gov/Archives/edgar/data/1549802/000119312523141315/0001193125-23-141315-index.htm",
    "finalLink": "https://www.sec.gov/Archives/edgar/data/1549802/000119312523141315/d340916dex991.htm"
  },
  {
    "date": "2023-03-31",
    "symbol": "JD",
    "reportedCurrency": "CNY",
    "cik": "0001549802",
    "fillingDate": "2023-03-09",
    "acceptedDate": "2023-03-09 06:25:05",
    "calendarYear": "2023",
    "period": "Q1",
    "revenue": 242956000000,
    "costOfRevenue": 206938000000,
    "grossProfit": 36018000000,
    "grossProfitRatio": 0.1482490657,
    "researchAndDevelopmentExpenses": 4186000000,
    "generalAndAdministrativeExpenses": 17872000000,
    "sellingAndMarketingExpenses": 8005000000,
    "sellingGeneralAndAdministrativeExpenses": 25877000000,
    "otherExpenses": 2792000000,
    "operatingExpenses": 30063000000,
    "costAndExpenses": 237001000000,
    "interestIncome": 590000000,
    "interestExpense": 590000000,
    "depreciationAndAmortization": 1960000000,
    "ebitda": 7926000000,
    "ebitdaratio": 0.032623191,
    "operatingIncome": 6427000000,
    "operatingIncomeRatio": 0.0264533496,
    "totalOtherIncomeExpensesNet": 1381000000,
    "incomeBeforeTax": 7808000000,
    "incomeBeforeTaxRatio": 0.0321375064,
    "incomeTaxExpense": 1609000000,
    "netIncome": 6261000000,
    "netIncomeRatio": 0.0257700983,
    "eps": 1.99,
    "epsdiluted": 1.97,
    "weightedAverageShsOut": 3139000000,
    "weightedAverageShsOutDil": 3180000000,
    "link": "https://www.sec.gov/Archives/edgar/data/1549802/000119312523065225/0001193125-23-065225-index.htm",
    "finalLink": "https://www.sec.gov/Archives/edgar/data/1549802/000119312523065225/d474071dex991.htm"
  },
  {
    "date": "2022-12-31",
    "symbol": "JD",
    "reportedCurrency": "CNY",
    "cik": "0001549802",
    "fillingDate": "2022-11-18",
    "acceptedDate": "2022-11-18 06:35:08",
    "calendarYear": "2022",
    "period": "Q4",
    "revenue": 295446000000,
    "costOfRevenue": 253909000000,
    "grossProfit": 41537000000,
    "grossProfitRatio": 0.1405908356,
    "researchAndDevelopmentExpenses": 4366000000,
    "generalAndAdministrativeExpenses": 20508000000,
    "sellingAndMarketingExpenses": 11985000000,
    "sellingGeneralAndAdministrativeExpenses": 32493000000,
    "otherExpenses": -427000000,
    "operatingExpenses": 36859000000,
    "costAndExpenses": 290768000000,
    "interestIncome": 5044000000,
    "interestExpense": 698000000,
    "depreciationAndAmortization": 1984000000,
    "ebitda": 7541000000,
    "ebitdaratio": 0.0255241229,
    "operatingIncome": 4828000000,
    "operatingIncomeRatio": 0.0163413957,
    "totalOtherIncomeExpensesNet": -1012000000,
    "incomeBeforeTax": 3816000000,
    "incomeBeforeTaxRatio": 0.0129160659,
    "incomeTaxExpense": 595000000,
    "netIncome": 3024000000,
    "netIncomeRatio": 0.010235373,
    "eps": 0.96,
    "epsdiluted": 0.95,
    "weightedAverageShsOut": 3136000000,
    "weightedAverageShsOutDil": 3178000000,
    "link": "https://www.sec.gov/Archives/edgar/data/1549802/000119312522288209/0001193125-22-288209-index.htm",
    "finalLink": "https://www.sec.gov/Archives/edgar/data/1549802/000119312522288209/d423568dex991.htm"
  },
  {
    "date": "2022-09-30",
    "symbol": "JD",
    "reportedCurrency": "CNY",
    "cik": "0001549802",
    "fillingDate": "2022-08-23",
    "acceptedDate": "2022-08-23 08:12:09",
    "calendarYear": "2022",
    "period": "Q3",
    "revenue": 243535000000,
    "costOfRevenue": 207339000000,
    "grossProfit": 36196000000,
    "grossProfitRatio": 0.1486275073,
    "researchAndDevelopmentExpenses": 4116000000,
    "generalAndAdministrativeExpenses": 16976000000,
    "sellingAndMarketingExpenses": 7605000000,
    "sellingGeneralAndAdministrativeExpenses": 24581000000,
    "otherExpenses": -816000000,
    "operatingExpenses": 28697000000,
    "costAndExpenses": 236036000000,
    "interestIncome": 579000000,
    "interestExpense": 579000000,
    "depreciationAndAmortization": 1867000000,
    "ebitda": 8289000000,
    "ebitdaratio": 0.0340361755,
    "operatingIncome": 6266000000,
    "operatingIncomeRatio": 0.0257293613,
    "totalOtherIncomeExpensesNet": 211000000,
    "incomeBeforeTax": 7710000000,
    "incomeBeforeTaxRatio": 0.0316586938,
    "incomeTaxExpense": 1751000000,
    "netIncome": 5963000000,
    "netIncomeRatio": 0.0244851869,
    "eps": 1.91,
    "epsdiluted": 1.87,
    "weightedAverageShsOut": 3129000000,
    "weightedAverageShsOutDil": 3181000000,
    "link": "https://www.sec.gov/Archives/edgar/data/1549802/000119312522226979/0001193125-22-226979-index.htm",
    "finalLink": "https://www.sec.gov/Archives/edgar/data/1549802/000119312522226979/d311135dex991.htm"
  },
  {
    "date": "2022-06-30",
    "symbol": "JD",
    "reportedCurrency": "CNY",
    "cik": "0001549802",
    "fillingDate": "2022-05-17",
    "acceptedDate": "2022-05-17 07:15:17",
    "calendarYear": "2022",
    "period": "Q2",
    "revenue": 267600000000,
    "costOfRevenue": 231706000000,
    "grossProfit": 35894000000,
    "grossProfitRatio": 0.1341330344,
    "researchAndDevelopmentExpenses": 4027000000,
    "generalAndAdministrativeExpenses": 18632000000,
    "sellingAndMarketingExpenses": 9477000000,
    "sellingGeneralAndAdministrativeExpenses": 28109000000,
    "otherExpenses": 3586000000,
    "operatingExpenses": 32136000000,
    "costAndExpenses": 263842000000,
    "interestIncome": 0,
    "interestExpense": 484000000,
    "depreciationAndAmortization": 1712999999,
    "ebitda": 5740000000,
    "ebitdaratio": 0.0214499253,
    "operatingIncome": 3758000000,
    "operatingIncomeRatio": 0.0140433483,
    "totalOtherIncomeExpensesNet": 1498000000,
    "incomeBeforeTax": 5256000000,
    "incomeBeforeTaxRatio": 0.0196412556,
    "incomeTaxExpense": 1227000000,
    "netIncome": 4379000000,
    "netIncomeRatio": 0.0163639761,
    "eps": 1.4,
    "epsdiluted": 1.38,
    "weightedAverageShsOut": 3121000000,
    "weightedAverageShsOutDil": 3176000000,
    "link": "https://www.sec.gov/Archives/edgar/data/1549802/000119312522152434/0001193125-22-152434-index.htm",
    "finalLink": "https://www.sec.gov/Archives/edgar/data/1549802/000119312522152434/d330402dex991.htm"
  },
  {
    "date": "2022-03-31",
    "symbol": "JD",
    "reportedCurrency": "CNY",
    "cik": "0001549802",
    "fillingDate": "2022-03-10",
    "acceptedDate": "2022-03-10 08:00:39",
    "calendarYear": "2022",
    "period": "Q1",
    "revenue": 239655000000,
    "costOfRevenue": 206209000000,
    "grossProfit": 33446000000,
    "grossProfitRatio": 0.1395589493,
    "researchAndDevelopmentExpenses": 4384000000,
    "generalAndAdministrativeExpenses": 17948000000,
    "sellingAndMarketingExpenses": 8705000000,
    "sellingGeneralAndAdministrativeExpenses": 26653000000,
    "otherExpenses": -3898000000,
    "operatingExpenses": 31037000000,
    "costAndExpenses": 237246000000,
    "interestIncome": 0,
    "interestExpense": 345000000,
    "depreciationAndAmortization": 1672000000,
    "ebitda": 4081000000,
    "ebitdaratio": 0.0170286453,
    "operatingIncome": 2409000000,
    "operatingIncomeRatio": 0.0100519497,
    "totalOtherIncomeExpensesNet": -5324000000,
    "incomeBeforeTax": -2915000000,
    "incomeBeforeTaxRatio": -0.0121633181,
    "incomeTaxExpense": 603000000,
    "netIncome": -2991000000,
    "netIncomeRatio": -0.0124804406,
    "eps": -0.96,
    "epsdiluted": -0.96,
    "weightedAverageShsOut": 3116000000,
    "weightedAverageShsOutDil": 3116000000,
    "link": "https://www.sec.gov/Archives/edgar/data/1549802/000119312522071329/0001193125-22-071329-index.htm",
    "finalLink": "https://www.sec.gov/Archives/edgar/data/1549802/000119312522071329/d282721dex991.htm"
  },
  {
    "date": "2021-12-31",
    "symbol": "JD",
    "reportedCurrency": "CNY",
    "cik": "0001549802",
    "fillingDate": "2021-11-18",
    "acceptedDate": "2021-11-18 06:05:58",
    "calendarYear": "2021",
    "period": "Q4",
    "revenue": 275907157000,
    "costOfRevenue": 238784815000,
    "grossProfit": 37122342000,
    "grossProfitRatio": 0.1345464989,
    "researchAndDevelopmentExpenses": 4105119000,
    "generalAndAdministrativeExpenses": 20064705000,
    "sellingAndMarketingExpenses": 13362697000,
    "sellingGeneralAndAdministrativeExpenses": 33427402000,
    "otherExpenses": -21994000,
    "operatingExpenses": 37532521000,
    "costAndExpenses": 276317336000,
    "interestIncome": 0,
    "interestExpense": 447170000,
    "depreciationAndAmortization": 1567855000,
    "ebitda": 1860000000,
    "ebitdaratio": 0.0067413982,
    "operatingIncome": -391987000,
    "operatingIncomeRatio": -0.0014207207,
    "totalOtherIncomeExpensesNet": -4741063000,
    "incomeBeforeTax": -5133000000,
    "incomeBeforeTaxRatio": -0.0186040843,
    "incomeTaxExpense": 185000000,
    "netIncome": -5165000000,
    "netIncomeRatio": -0.0187200653,
    "eps": -1.66,
    "epsdiluted": -1.66,
    "weightedAverageShsOut": 3110714000,
    "weightedAverageShsOutDil": 3110714000,
    "link": "https://www.sec.gov/Archives/edgar/data/1549802/000119312521333079/0001193125-21-333079-index.htm",
    "finalLink": "https://www.sec.gov/Archives/edgar/data/1549802/000119312521333079/d211103dex991.htm"
  },
  {
    "date": "2021-09-30",
    "symbol": "JD",
    "reportedCurrency": "CNY",
    "cik": "0001549802",
    "fillingDate": "2021-08-23",
    "acceptedDate": "2021-08-23 06:37:28",
    "calendarYear": "2021",
    "period": "Q3",
    "revenue": 218708358000,
    "costOfRevenue": 187615621000,
    "grossProfit": 31092737000,
    "grossProfitRatio": 0.1421652894,
    "researchAndDevelopmentExpenses": 4004001000,
    "generalAndAdministrativeExpenses": 17325834000,
    "sellingAndMarketingExpenses": 7769166000,
    "sellingGeneralAndAdministrativeExpenses": 25095000000,
    "otherExpenses": -3061899000,
    "operatingExpenses": 29099001000,
    "costAndExpenses": 216714622000,
    "interestIncome": 139000,
    "interestExpense": 276139000,
    "depreciationAndAmortization": 1536141999,
    "ebitda": 3293000000,
    "ebitdaratio": 0.0150565805,
    "operatingIncome": 2572437000,
    "operatingIncomeRatio": 0.011761951,
    "totalOtherIncomeExpensesNet": -5188000000,
    "incomeBeforeTax": -2616000000,
    "incomeBeforeTaxRatio": -0.0119611341,
    "incomeTaxExpense": 653000000,
    "netIncome": -2807000000,
    "netIncomeRatio": -0.0128344432,
    "eps": -0.9,
    "epsdiluted": -0.88,
    "weightedAverageShsOut": 3106000000,
    "weightedAverageShsOutDil": 3187000000,
    "link": "https://www.sec.gov/Archives/edgar/data/1549802/000119312521253328/0001193125-21-253328-index.htm",
    "finalLink": "https://www.sec.gov/Archives/edgar/data/1549802/000119312521253328/d199501dex991.htm"
  },
  {
    "date": "2021-06-30",
    "symbol": "JD",
    "reportedCurrency": "CNY",
    "cik": "0001549802",
    "fillingDate": "2021-05-19",
    "acceptedDate": "2021-05-19 07:18:58",
    "calendarYear": "2021",
    "period": "Q2",
    "revenue": 253800470000,
    "costOfRevenue": 222070876000,
    "grossProfit": 31729594000,
    "grossProfitRatio": 0.1250178694,
    "researchAndDevelopmentExpenses": 3693410000,
    "generalAndAdministrativeExpenses": 17210345000,
    "sellingAndMarketingExpenses": 10612420000,
    "sellingGeneralAndAdministrativeExpenses": 27822765000,
    "otherExpenses": 455936000,
    "operatingExpenses": 31516175000,
    "costAndExpenses": 253587051000,
    "interestIncome": 0,
    "interestExpense": 232325000,
    "depreciationAndAmortization": 1460370000,
    "ebitda": 1280000000,
    "ebitdaratio": 0.0050433319,
    "operatingIncome": 300756000,
    "operatingIncomeRatio": 0.0011850096,
    "totalOtherIncomeExpensesNet": 746147999,
    "incomeBeforeTax": 1047147999,
    "incomeBeforeTaxRatio": 0.004125871,
    "incomeTaxExpense": 569624000,
    "netIncome": 797892000,
    "netIncomeRatio": 0.0031437767,
    "eps": 0.26,
    "epsdiluted": 0.25,
    "weightedAverageShsOut": 3106000000,
    "weightedAverageShsOutDil": 3190000000,
    "link": "https://www.sec.gov/Archives/edgar/data/1549802/000119312521166031/0001193125-21-166031-index.htm",
    "finalLink": "https://www.sec.gov/Archives/edgar/data/1549802/000119312521166031/d166125dex991.htm"
  },
  {
    "date": "2021-03-31",
    "symbol": "JD",
    "reportedCurrency": "CNY",
    "cik": "0001549802",
    "fillingDate": "2021-03-11",
    "acceptedDate": "2021-03-11 06:12:28",
    "calendarYear": "2021",
    "period": "Q1",
    "revenue": 203176169000,
    "costOfRevenue": 174054150000,
    "grossProfit": 29122019000,
    "grossProfitRatio": 0.1433338326,
    "researchAndDevelopmentExpenses": 4529506000,
    "generalAndAdministrativeExpenses": 16016774000,
    "sellingAndMarketingExpenses": 6998757000,
    "sellingGeneralAndAdministrativeExpenses": 23015531000,
    "otherExpenses": 2037735000,
    "operatingExpenses": 27545037000,
    "costAndExpenses": 201599187000,
    "interestIncome": 0,
    "interestExpense": 257821000,
    "depreciationAndAmortization": 1437529999,
    "ebitda": 4380000000,
    "ebitdaratio": 0.0215576464,
    "operatingIncome": 1659744000,
    "operatingIncomeRatio": 0.0081689895,
    "totalOtherIncomeExpensesNet": 2462000000,
    "incomeBeforeTax": 4122000000,
    "incomeBeforeTaxRatio": 0.0202878124,
    "incomeTaxExpense": 480000000,
    "netIncome": 3620250000,
    "netIncomeRatio": 0.0178182806,
    "eps": 1.17,
    "epsdiluted": 1.13,
    "weightedAverageShsOut": 3107000000,
    "weightedAverageShsOutDil": 3208000000,
    "link": "https://www.sec.gov/Archives/edgar/data/1549802/000119312521076928/0001193125-21-076928-index.htm",
    "finalLink": "https://www.sec.gov/Archives/edgar/data/1549802/000119312521076928/d153650dex991.htm"
  },
  {
    "date": "2020-12-31",
    "symbol": "JD",
    "reportedCurrency": "CNY",
    "cik": "0001549802",
    "fillingDate": "2020-11-16",
    "acceptedDate": "2020-11-16 16:02:05",
    "calendarYear": "2020",
    "period": "Q4",
    "revenue": 224328155000,
    "costOfRevenue": 193185835000,
    "grossProfit": 31142320000,
    "grossProfitRatio": 0.138824839,
    "researchAndDevelopmentExpenses": 4503450000,
    "generalAndAdministrativeExpenses": 16729873000,
    "sellingAndMarketingExpenses": 10423229000,
    "sellingGeneralAndAdministrativeExpenses": 27153102000,
    "otherExpenses": 21012344000,
    "operatingExpenses": 31656552000,
    "costAndExpenses": 224842387000,
    "interestIncome": 958781000,
    "interestExpense": 296061000,
    "depreciationAndAmortization": 1680047999,
    "ebitda": -2213305000,
    "ebitdaratio": -0.0098663719,
    "operatingIncome": 594947000,
    "operatingIncomeRatio": 0.0026521281,
    "totalOtherIncomeExpensesNet": 23354886000,
    "incomeBeforeTax": 23949942000,
    "incomeBeforeTaxRatio": 0.1067629785,
    "incomeTaxExpense": 331367000,
    "netIncome": 24325451000,
    "netIncomeRatio": 0.1084369057,
    "eps": 7.84,
    "epsdiluted": 7.59,
    "weightedAverageShsOut": 3102969000,
    "weightedAverageShsOutDil": 3204906000,
    "link": "https://www.sec.gov/Archives/edgar/data/1549802/000119312520294736/0001193125-20-294736-index.htm",
    "finalLink": "https://www.sec.gov/Archives/edgar/data/1549802/000119312520294736/d80629dex991.htm"
  },
  {
    "date": "2020-09-30",
    "symbol": "JD",
    "reportedCurrency": "CNY",
    "cik": "0001549802",
    "fillingDate": "2020-08-18",
    "acceptedDate": "2020-08-18 09:22:52",
    "calendarYear": "2020",
    "period": "Q3",
    "revenue": 174214464000,
    "costOfRevenue": 147419446000,
    "grossProfit": 26795018000,
    "grossProfitRatio": 0.153804784,
    "researchAndDevelopmentExpenses": 4106739000,
    "generalAndAdministrativeExpenses": 13188404000,
    "sellingAndMarketingExpenses": 5460508000,
    "sellingGeneralAndAdministrativeExpenses": 18648912000,
    "otherExpenses": 3729126000,
    "operatingExpenses": 22755651000,
    "costAndExpenses": 170175097000,
    "interestIncome": 733498000,
    "interestExpense": 297802000,
    "depreciationAndAmortization": 1521071000,
    "ebitda": 5560438000,
    "ebitdaratio": 0.0319172006,
    "operatingIncome": 4383349000,
    "operatingIncomeRatio": 0.0251606491,
    "totalOtherIncomeExpensesNet": 3892509000,
    "incomeBeforeTax": 8275858000,
    "incomeBeforeTaxRatio": 0.0475038513,
    "incomeTaxExpense": 690373000,
    "netIncome": 7560338000,
    "netIncomeRatio": 0.0433967297,
    "eps": 2.44,
    "epsdiluted": 2.37,
    "weightedAverageShsOut": 3096304000,
    "weightedAverageShsOutDil": 3191159000,
    "link": "https://www.sec.gov/Archives/edgar/data/1549802/000119312520222987/0001193125-20-222987-index.htm",
    "finalLink": "https://www.sec.gov/Archives/edgar/data/1549802/000119312520222987/d10691dex991.htm"
  },
  {
    "date": "2020-06-30",
    "symbol": "JD",
    "reportedCurrency": "CNY",
    "cik": "0001549802",
    "fillingDate": "2020-05-15",
    "acceptedDate": "2020-05-15 16:02:03",
    "calendarYear": "2020",
    "period": "Q2",
    "revenue": 201054058000,
    "costOfRevenue": 172418571000,
    "grossProfit": 28635487000,
    "grossProfitRatio": 0.1424268044,
    "researchAndDevelopmentExpenses": 3603600000,
    "generalAndAdministrativeExpenses": 13379479000,
    "sellingAndMarketingExpenses": 6803919000,
    "sellingGeneralAndAdministrativeExpenses": 20183398000,
    "otherExpenses": 7947525000,
    "operatingExpenses": 23786998000,
    "costAndExpenses": 196205569000,
    "interestIncome": 538027000,
    "interestExpense": 324218000,
    "depreciationAndAmortization": 296922000,
    "ebitda": 5145411000,
    "ebitdaratio": 0.0255921768,
    "operatingIncome": 5044075000,
    "operatingIncomeRatio": 0.0250881532,
    "totalOtherIncomeExpensesNet": 12165498000,
    "incomeBeforeTax": 17209573000,
    "incomeBeforeTaxRatio": 0.0855967453,
    "incomeTaxExpense": 796550000,
    "netIncome": 16447407000,
    "netIncomeRatio": 0.0818058942,
    "eps": 5.55,
    "epsdiluted": 5.41,
    "weightedAverageShsOut": 2961278000,
    "weightedAverageShsOutDil": 3041244000,
    "link": "https://www.sec.gov/Archives/edgar/data/1549802/000119312520143937/0001193125-20-143937-index.htm",
    "finalLink": "https://www.sec.gov/Archives/edgar/data/1549802/000119312520143937/d812724dex991.htm"
  },
  {
    "date": "2020-03-31",
    "symbol": "JD",
    "reportedCurrency": "CNY",
    "cik": "0001549802",
    "fillingDate": "2020-03-02",
    "acceptedDate": "2020-03-02 16:12:40",
    "calendarYear": "2020",
    "period": "Q1",
    "revenue": 146205209000,
    "costOfRevenue": 123669699000,
    "grossProfit": 22535510000,
    "grossProfitRatio": 0.1541361635,
    "researchAndDevelopmentExpenses": 3935159000,
    "generalAndAdministrativeExpenses": 11811586000,
    "sellingAndMarketingExpenses": 4468316000,
    "sellingGeneralAndAdministrativeExpenses": 16279902000,
    "otherExpenses": -132556000,
    "operatingExpenses": 20215061000,
    "costAndExpenses": 143884760000,
    "interestIncome": 523054000,
    "interestExpense": 207100000,
    "depreciationAndAmortization": 1405625000,
    "ebitda": 1590727000,
    "ebitdaratio": 0.010880098,
    "operatingIncome": 2320449000,
    "operatingIncomeRatio": 0.0158711787,
    "totalOtherIncomeExpensesNet": -936822000,
    "incomeBeforeTax": 1383627000,
    "incomeBeforeTaxRatio": 0.0094635958,
    "incomeTaxExpense": 326444000,
    "netIncome": 1073603000,
    "netIncomeRatio": 0.0073431241,
    "eps": 0.37,
    "epsdiluted": 0.36,
    "weightedAverageShsOut": 2926685000,
    "weightedAverageShsOutDil": 2998786000,
    "link": "https://www.sec.gov/Archives/edgar/data/1549802/000119312520058903/0001193125-20-058903-index.htm",
    "finalLink": "https://www.sec.gov/Archives/edgar/data/1549802/000119312520058903/d871643dex991.htm"
  }
]