[
  {
    "date": "2024-12-31",
    "symbol": "GOOGL",
    "reportedCurrency": "USD",
    "cik": "0001652044",
    "fillingDate": "2025-02-05",
    "acceptedDate": "2025-02-04 20:41:40",
    "calendarYear": "2024",
    "period": "FY",
    "revenue": 350018000000,
    "costOfRevenue": 146306000000,
    "grossProfit": 203712000000,
    "grossProfitRatio": 0.5820043541,
    "researchAndDevelopmentExpenses": 49326000000,
    "generalAndAdministrativeExpenses": 14188000000,
    "sellingAndMarketingExpenses": 27808000000,
    "sellingGeneralAndAdministrativeExpenses": 41996000000,
    "otherExpenses": 0,
    "operatingExpenses": 91322000000,
    "costAndExpenses": 237628000000,
    "interestIncome": 4482000000,
    "interestExpense": 268000000,
    "depreciationAndAmortization": 15311000000,
    "ebitda": 135394000000,
    "ebitdaratio": 0.3868201064,
    "operatingIncome": 112390000000,
    "operatingIncomeRatio": 0.3210977721,
    "totalOtherIncomeExpensesNet": 7425000000,
    "incomeBeforeTax": 119815000000,
    "incomeBeforeTaxRatio": 0.3423109669,
    "incomeTaxExpense": 19697000000,
    "netIncome": 100118000000,
    "netIncomeRatio": 0.2860367181,
    "eps": 8.04,
    "epsdiluted": 8.04,
    "weightedAverageShsOut": 12447000973,
    "weightedAverageShsOutDil": 12447000000,
    "link": "https://www.sec.gov/Archives/edgar/data/1652044/000165204425000014/0001652044-25-000014-index.htm",
    "finalLink": "https://www.sec.gov/Archives/edgar/data/1652044/000165204425000014/goog-20241231.htm"
  },
  {
    "date": "2023-12-31",
    "symbol": "GOOGL",
    "reportedCurrency": "USD",
    "cik": "0001652044",
    "fillingDate": "2024-01-31",
    "acceptedDate": "2024-01-30 21:43:43",
    "calendarYear": "2023",
    "period": "FY",
    "revenue": 307394000000,
    "costOfRevenue": 133332000000,
    "grossProfit": 174062000000,
    "grossProfitRatio": 0.5662504798,
    "researchAndDevelopmentExpenses": 45427000000,
    "generalAndAdministrativeExpenses": 16425000000,
    "sellingAndMarketingExpenses": 27917000000,
    "sellingGeneralAndAdministrativeExpenses": 44342000000,
    "otherExpenses": 0,
    "operatingExpenses": 89769000000,
    "costAndExpenses": 223101000000,
    "interestIncome": 3865000000,
    "interestExpense": 308000000,
    "depreciationAndAmortization": 11946000000,
    "ebitda": 97971000000,
    "ebitdaratio": 0.3187147439,
    "operatingIncome": 84293000000,
    "operatingIncomeRatio": 0.2742181045,
    "totalOtherIncomeExpensesNet": 1424000000,
    "incomeBeforeTax": 85717000000,
    "incomeBeforeTaxRatio": 0.2788505957,
    "incomeTaxExpense": 11922000000,
    "netIncome": 73795000000,
    "netIncomeRatio": 0.2400664945,
    "eps": 5.84,
    "epsdiluted": 5.8,
    "weightedAverageShsOut": 12630000000,
    "weightedAverageShsOutDil": 12722000000,
    "link": "https://www.sec.gov/Archives/edgar/data/1652044/000165204424000022/0001652044-24-000022-index.htm",
    "finalLink": "https://www.sec.gov/Archives/edgar/data/1652044/000165204424000022/goog-20231231.htm"
  },
  {
    "date": "2022-12-31",
    "symbol": "GOOGL",
    "reportedCurrency": "USD",
    "cik": "0001652044",
    "fillingDate": "2023-02-03",
    "acceptedDate": "2023-02-02 21:23:45",
    "calendarYear": "2022",
    "period": "FY",
    "revenue": 282836000000,
    "costOfRevenue": 126203000000,
    "grossProfit": 156633000000,
    "grossProfitRatio": 0.553794425,
    "researchAndDevelopmentExpenses": 39500000000,
    "generalAndAdministrativeExpenses": 15724000000,
    "sellingAndMarketingExpenses": 26567000000,
    "sellingGeneralAndAdministrativeExpenses": 42291000000,
    "otherExpenses": 0,
    "operatingExpenses": 81791000000,
    "costAndExpenses": 207994000000,
    "interestIncome": 2174000000,
    "interestExpense": 357000000,
    "depreciationAndAmortization": 13475000000,
    "ebitda": 85160000000,
    "ebitdaratio": 0.301093213,
    "operatingIncome": 74842000000,
    "operatingIncomeRatio": 0.2646127084,
    "totalOtherIncomeExpensesNet": -3514000000,
    "incomeBeforeTax": 71328000000,
    "incomeBeforeTaxRatio": 0.2521885474,
    "incomeTaxExpense": 11356000000,
    "netIncome": 59972000000,
    "netIncomeRatio": 0.2120380715,
    "eps": 4.59,
    "epsdiluted": 4.56,
    "weightedAverageShsOut": 13063000000,
    "weightedAverageShsOutDil": 13159000000,
    "link": "https://www.sec.gov/Archives/edgar/data/1652044/000165204423000016/0001652044-23-000016-index.htm",
    "finalLink": "https://www.sec.gov/Archives/edgar/data/1652044/000165204423000016/goog-20221231.htm"
  },
  {
    "date": "2021-12-31",
    "symbol": "GOOGL",
    "reportedCurrency": "USD",
    "cik": "0001652044",
    "fillingDate": "2022-02-02",
    "acceptedDate": "2022-02-01 21:08:02",
    "calendarYear": "2021",
    "period": "FY",
    "revenue": 257637000000,
    "costOfRevenue": 110939000000,
    "grossProfit": 146698000000,
    "grossProfitRatio": 0.569398029,
    "researchAndDevelopmentExpenses": 31562000000,
    "generalAndAdministrativeExpenses": 13510000000,
    "sellingAndMarketingExpenses": 22912000000,
    "sellingGeneralAndAdministrativeExpenses": 36422000000,
    "otherExpenses": 0,
    "operatingExpenses": 67984000000,
    "costAndExpenses": 178923000000,
    "interestIncome": 1499000000,
    "interestExpense": 346000000,
    "depreciationAndAmortization": 12441000000,
    "ebitda": 103521000000,
    "ebitdaratio": 0.4018095227,
    "operatingIncome": 78714000000,
    "operatingIncomeRatio": 0.3055228869,
    "totalOtherIncomeExpensesNet": 12020000000,
    "incomeBeforeTax": 90734000000,
    "incomeBeforeTaxRatio": 0.3521776763,
    "incomeTaxExpense": 14701000000,
    "netIncome": 76033000000,
    "netIncomeRatio": 0.2951167728,
    "eps": 5.69,
    "epsdiluted": 5.61,
    "weightedAverageShsOut": 13353000000,
    "weightedAverageShsOutDil": 13553480000,
    "link": "https://www.sec.gov/Archives/edgar/data/1652044/000165204422000019/0001652044-22-000019-index.htm",
    "finalLink": "https://www.sec.gov/Archives/edgar/data/1652044/000165204422000019/goog-20211231.htm"
  },
  {
    "date": "2020-12-31",
    "symbol": "GOOGL",
    "reportedCurrency": "USD",
    "cik": "0001652044",
    "fillingDate": "2021-02-03",
    "acceptedDate": "2021-02-02 20:12:25",
    "calendarYear": "2020",
    "period": "FY",
    "revenue": 182527000000,
    "costOfRevenue": 84732000000,
    "grossProfit": 97795000000,
    "grossProfitRatio": 0.5357837471,
    "researchAndDevelopmentExpenses": 27573000000,
    "generalAndAdministrativeExpenses": 11052000000,
    "sellingAndMarketingExpenses": 17946000000,
    "sellingGeneralAndAdministrativeExpenses": 28998000000,
    "otherExpenses": 0,
    "operatingExpenses": 56571000000,
    "costAndExpenses": 141303000000,
    "interestIncome": 1865000000,
    "interestExpense": 135000000,
    "depreciationAndAmortization": 13697000000,
    "ebitda": 61914000000,
    "ebitdaratio": 0.3392046108,
    "operatingIncome": 41224000000,
    "operatingIncomeRatio": 0.2258515179,
    "totalOtherIncomeExpensesNet": 6858000000,
    "incomeBeforeTax": 48082000000,
    "incomeBeforeTaxRatio": 0.2634240414,
    "incomeTaxExpense": 7813000000,
    "netIncome": 40269000000,
    "netIncomeRatio": 0.2206194152,
    "eps": 2.96,
    "epsdiluted": 2.93,
    "weightedAverageShsOut": 13616320000,
    "weightedAverageShsOutDil": 13740560000,
    "link": "https://www.sec.gov/Archives/edgar/data/1652044/000165204421000010/0001652044-21-000010-index.htm",
    "finalLink": "https://www.sec.gov/Archives/edgar/data/1652044/000165204421000010/goog-20201231.htm"
  },
  {
    "date": "2019-12-31",
    "symbol": "GOOGL",
    "reportedCurrency": "USD",
    "cik": "0001652044",
    "fillingDate": "2020-02-04",
    "acceptedDate": "2020-02-03 21:03:59",
    "calendarYear": "2019",
    "period": "FY",
    "revenue": 161857000000,
    "costOfRevenue": 71896000000,
    "grossProfit": 89961000000,
    "grossProfitRatio": 0.5558054332,
    "researchAndDevelopmentExpenses": 26018000000,
    "generalAndAdministrativeExpenses": 9551000000,
    "sellingAndMarketingExpenses": 18464000000,
    "sellingGeneralAndAdministrativeExpenses": 28015000000,
    "otherExpenses": 1697000000,
    "operatingExpenses": 55730000000,
    "costAndExpenses": 127626000000,
    "interestIncome": 2427000000,
    "interestExpense": 100000000,
    "depreciationAndAmortization": 11781000000,
    "ebitda": 51506000000,
    "ebitdaratio": 0.3182191688,
    "operatingIncome": 34231000000,
    "operatingIncomeRatio": 0.211489154,
    "totalOtherIncomeExpensesNet": 5394000000,
    "incomeBeforeTax": 39625000000,
    "incomeBeforeTaxRatio": 0.2448148674,
    "incomeTaxExpense": 5282000000,
    "netIncome": 34343000000,
    "netIncomeRatio": 0.2121811228,
    "eps": 2.48,
    "epsdiluted": 2.46,
    "weightedAverageShsOut": 13851920000,
    "weightedAverageShsOutDil": 13971120000,
    "link": "https://www.sec.gov/Archives/edgar/data/1652044/000165204420000008/0001652044-20-000008-index.htm",
    "finalLink": "https://www.sec.gov/Archives/edgar/data/1652044/000165204420000008/goog10-k2019.htm"
  },
  {
    "date": "2018-12-31",
    "symbol": "GOOGL",
    "reportedCurrency": "USD",
    "cik": "0001652044",
    "fillingDate": "2019-02-05",
    "acceptedDate": "2019-02-04 21:06:38",
    "calendarYear": "2018",
    "period": "FY",
    "revenue": 136819000000,
    "costOfRevenue": 59549000000,
    "grossProfit": 77270000000,
    "grossProfitRatio": 0.5647607423,
    "researchAndDevelopmentExpenses": 21419000000,
    "generalAndAdministrativeExpenses": 6923000000,
    "sellingAndMarketingExpenses": 16333000000,
    "sellingGeneralAndAdministrativeExpenses": 23256000000,
    "otherExpenses": 5071000000,
    "operatingExpenses": 49746000000,
    "costAndExpenses": 109295000000,
    "interestIncome": 1878000000,
    "interestExpense": 114000000,
    "depreciationAndAmortization": 9035000000,
    "ebitda": 44062000000,
    "ebitdaratio": 0.3220459147,
    "operatingIncome": 27524000000,
    "operatingIncomeRatio": 0.20117089,
    "totalOtherIncomeExpensesNet": 7389000000,
    "incomeBeforeTax": 34913000000,
    "incomeBeforeTaxRatio": 0.2551765471,
    "incomeTaxExpense": 4177000000,
    "netIncome": 30736000000,
    "netIncomeRatio": 0.2246471616,
    "eps": 2.21,
    "epsdiluted": 2.19,
    "weightedAverageShsOut": 13901396520,
    "weightedAverageShsOutDil": 14066813595,
    "link": "https://www.sec.gov/Archives/edgar/data/1652044/000165204419000004/0001652044-19-000004-index.htm",
    "finalLink": "https://www.sec.gov/Archives/edgar/data/1652044/000165204419000004/goog10-kq42018.htm"
  },
  {
    "date": "2017-12-31",
    "symbol": "GOOGL",
    "reportedCurrency": "USD",
    "cik": "0001652044",
    "fillingDate": "2018-02-06",
    "acceptedDate": "2018-02-05 20:46:29",
    "calendarYear": "2017",
    "period": "FY",
    "revenue": 110855000000,
    "costOfRevenue": 45583000000,
    "grossProfit": 65272000000,
    "grossProfitRatio": 0.588805196,
    "researchAndDevelopmentExpenses": 16625000000,
    "generalAndAdministrativeExpenses": 6840000000,
    "sellingAndMarketingExpenses": 12893000000,
    "sellingGeneralAndAdministrativeExpenses": 19733000000,
    "otherExpenses": 2736000000,
    "operatingExpenses": 39094000000,
    "costAndExpenses": 84677000000,
    "interestIncome": 1312000000,
    "interestExpense": 109000000,
    "depreciationAndAmortization": 6915000000,
    "ebitda": 34217000000,
    "ebitdaratio": 0.3086644716,
    "operatingIncome": 26178000000,
    "operatingIncomeRatio": 0.2361463173,
    "totalOtherIncomeExpensesNet": 1015000000,
    "incomeBeforeTax": 27193000000,
    "incomeBeforeTaxRatio": 0.2453024221,
    "incomeTaxExpense": 14531000000,
    "netIncome": 12662000000,
    "netIncomeRatio": 0.1142212801,
    "eps": 0.91,
    "epsdiluted": 0.9,
    "weightedAverageShsOut": 13860968730,
    "weightedAverageShsOutDil": 14068883261,
    "link": "https://www.sec.gov/Archives/edgar/data/1652044/000165204418000007/0001652044-18-000007-index.htm",
    "finalLink": "https://www.sec.gov/Archives/edgar/data/1652044/000165204418000007/goog10-kq42017.htm"
  },
  {
    "date": "2016-12-31",
    "symbol": "GOOGL",
    "reportedCurrency": "USD",
    "cik": "0001652044",
    "fillingDate": "2017-02-03",
    "acceptedDate": "2017-02-02 18:13:47",
    "calendarYear": "2016",
    "period": "FY",
    "revenue": 90272000000,
    "costOfRevenue": 35138000000,
    "grossProfit": 55134000000,
    "grossProfitRatio": 0.6107541652,
    "researchAndDevelopmentExpenses": 13948000000,
    "generalAndAdministrativeExpenses": 6985000000,
    "sellingAndMarketingExpenses": 10485000000,
    "sellingGeneralAndAdministrativeExpenses": 17470000000,
    "otherExpenses": 0,
    "operatingExpenses": 31418000000,
    "costAndExpenses": 66556000000,
    "interestIncome": 1220000000,
    "interestExpense": 124000000,
    "depreciationAndAmortization": 6144000000,
    "ebitda": 30418000000,
    "ebitdaratio": 0.3369594116,
    "operatingIncome": 23716000000,
    "operatingIncomeRatio": 0.2627171216,
    "totalOtherIncomeExpensesNet": 434000000,
    "incomeBeforeTax": 24150000000,
    "incomeBeforeTaxRatio": 0.2675248139,
    "incomeTaxExpense": 4672000000,
    "netIncome": 19478000000,
    "netIncomeRatio": 0.215770117,
    "eps": 1.42,
    "epsdiluted": 1.39,
    "weightedAverageShsOut": 13755644215,
    "weightedAverageShsOutDil": 13987786146,
    "link": "https://www.sec.gov/Archives/edgar/data/1652044/000165204417000008/0001652044-17-000008-index.htm",
    "finalLink": "https://www.sec.gov/Archives/edgar/data/1652044/000165204417000008/goog10-kq42016.htm"
  },
  {
    "date": "2015-12-31",
    "symbol": "GOOGL",
    "reportedCurrency": "USD",
    "cik": "0001652044",
    "fillingDate": "2016-02-11",
    "acceptedDate": "2016-02-11 16:38:35",
    "calendarYear": "2015",
    "period": "FY",
    "revenue": 74989000000,
    "costOfRevenue": 28164000000,
    "grossProfit": 46825000000,
    "grossProfitRatio": 0.6244249157,
    "researchAndDevelopmentExpenses": 12282000000,
    "generalAndAdministrativeExpenses": 6136000000,
    "sellingAndMarketingExpenses": 9047000000,
    "sellingGeneralAndAdministrativeExpenses": 15183000000,
    "otherExpenses": 0,
    "operatingExpenses": 27465000000,
    "costAndExpenses": 55629000000,
    "interestIncome": 999000000,
    "interestExpense": 104000000,
    "depreciationAndAmortization": 5063000000,
    "ebitda": 24818000000,
    "ebitdaratio": 0.3309552068,
    "operatingIncome": 19360000000,
    "operatingIncomeRatio": 0.2581711984,
    "totalOtherIncomeExpensesNet": 291000000,
    "incomeBeforeTax": 19651000000,
    "incomeBeforeTaxRatio": 0.2620517676,
    "incomeTaxExpense": 3303000000,
    "netIncome": 16348000000,
    "netIncomeRatio": 0.2180053074,
    "eps": 1.16,
    "epsdiluted": 1.14,
    "weightedAverageShsOut": 13696229917,
    "weightedAverageShsOutDil": 13858138064,
    "link": "https://www.sec.gov/Archives/edgar/data/1652044/000165204416000012/0001652044-16-000012-index.htm",
    "finalLink": "https://www.sec.gov/Archives/edgar/data/1288776/000165204416000012/goog10-k2015.htm"
  }
]