[
  {
    "date": "2024-09-30",
    "symbol": "V",
    "reportedCurrency": "USD",
    "cik": "0001403161",
    "fillingDate": "2024-11-13",
    "acceptedDate": "2024-11-13 17:14:01",
    "calendarYear": "2024",
    "period": "FY",
    "revenue": 35926000000,
    "costOfRevenue": 7042000000,
    "grossProfit": 28884000000,
    "grossProfitRatio": 0.8039859712,
    "researchAndDevelopmentExpenses": 0,
    "generalAndAdministrativeExpenses": 2233000000,
    "sellingAndMarketingExpenses": 1560000000,
    "sellingGeneralAndAdministrativeExpenses": 3793000000,
    "otherExpenses": 1496000000,
    "operatingExpenses": 5289000000,
    "costAndExpenses": 12331000000,
    "interestIncome": 0,
    "interestExpense": 641000000,
    "depreciationAndAmortization": 1034000000,
    "ebitda": 25591000000,
    "ebitdaratio": 0.7123253354,
    "operatingIncome": 23595000000,
    "operatingIncomeRatio": 0.6567666871,
    "totalOtherIncomeExpensesNet": 321000000,
    "incomeBeforeTax": 23916000000,
    "incomeBeforeTaxRatio": 0.6657017202,
    "incomeTaxExpense": 4173000000,
    "netIncome": 19743000000,
    "netIncomeRatio": 0.5495462896,
    "eps": 9.74,
    "epsdiluted": 9.73,
    "weightedAverageShsOut": 1621000000,
    "weightedAverageShsOutDil": 2029000000,
    "link": "https://www.sec.gov/Archives/edgar/data/1403161/000140316124000058/0001403161-24-000058-index.htm",
    "finalLink": "https://www.sec.gov/Archives/edgar/data/1403161/000140316124000058/v-20240930.htm"
  },
  {
    "date": "2023-09-30",
    "symbol": "V",
    "reportedCurrency": "USD",
    "cik": "0001403161",
    "fillingDate": "2023-11-15",
    "acceptedDate": "2023-11-15 16:07:14",
    "calendarYear": "2023",
    "period": "FY",
    "revenue": 32653000000,
    "costOfRevenue": 6567000000,
    "grossProfit": 26086000000,
    "grossProfitRatio": 0.7988852479,
    "researchAndDevelopmentExpenses": 0,
    "generalAndAdministrativeExpenses": 1875000000,
    "sellingAndMarketingExpenses": 1341000000,
    "sellingGeneralAndAdministrativeExpenses": 3216000000,
    "otherExpenses": 1870000000,
    "operatingExpenses": 5086000000,
    "costAndExpenses": 11653000000,
    "interestIncome": 0,
    "interestExpense": 644000000,
    "depreciationAndAmortization": 943000000,
    "ebitda": 22624000000,
    "ebitdaratio": 0.6928612991,
    "operatingIncome": 21000000000,
    "operatingIncomeRatio": 0.6431262059,
    "totalOtherIncomeExpensesNet": 37000000,
    "incomeBeforeTax": 21037000000,
    "incomeBeforeTaxRatio": 0.644259333,
    "incomeTaxExpense": 3764000000,
    "netIncome": 17273000000,
    "netIncomeRatio": 0.5289866168,
    "eps": 8.29,
    "epsdiluted": 8.28,
    "weightedAverageShsOut": 1618000000,
    "weightedAverageShsOutDil": 2085000000,
    "link": "https://www.sec.gov/Archives/edgar/data/1403161/000140316123000099/0001403161-23-000099-index.htm",
    "finalLink": "https://www.sec.gov/Archives/edgar/data/1403161/000140316123000099/v-20230930.htm"
  },
  {
    "date": "2022-09-30",
    "symbol": "V",
    "reportedCurrency": "USD",
    "cik": "0001403161",
    "fillingDate": "2022-11-16",
    "acceptedDate": "2022-11-16 16:06:43",
    "calendarYear": "2022",
    "period": "FY",
    "revenue": 29310000000,
    "costOfRevenue": 5733000000,
    "grossProfit": 23577000000,
    "grossProfitRatio": 0.8044012282,
    "researchAndDevelopmentExpenses": 0,
    "generalAndAdministrativeExpenses": 1699000000,
    "sellingAndMarketingExpenses": 1336000000,
    "sellingGeneralAndAdministrativeExpenses": 3035000000,
    "otherExpenses": 1729000000,
    "operatingExpenses": 4764000000,
    "costAndExpenses": 10497000000,
    "interestIncome": 0,
    "interestExpense": 538000000,
    "depreciationAndAmortization": 861000000,
    "ebitda": 19535000000,
    "ebitdaratio": 0.6664960764,
    "operatingIncome": 18813000000,
    "operatingIncomeRatio": 0.6418628454,
    "totalOtherIncomeExpensesNet": -677000000,
    "incomeBeforeTax": 18136000000,
    "incomeBeforeTaxRatio": 0.6187649266,
    "incomeTaxExpense": 3179000000,
    "netIncome": 14957000000,
    "netIncomeRatio": 0.5103036506,
    "eps": 7.01,
    "epsdiluted": 7,
    "weightedAverageShsOut": 1651000000,
    "weightedAverageShsOutDil": 2136000000,
    "link": "https://www.sec.gov/Archives/edgar/data/1403161/000140316122000081/0001403161-22-000081-index.htm",
    "finalLink": "https://www.sec.gov/Archives/edgar/data/1403161/000140316122000081/v-20220930.htm"
  },
  {
    "date": "2021-09-30",
    "symbol": "V",
    "reportedCurrency": "USD",
    "cik": "0001403161",
    "fillingDate": "2021-11-18",
    "acceptedDate": "2021-11-18 16:06:50",
    "calendarYear": "2021",
    "period": "FY",
    "revenue": 24105000000,
    "costOfRevenue": 4970000000,
    "grossProfit": 19135000000,
    "grossProfitRatio": 0.7938187098,
    "researchAndDevelopmentExpenses": 0,
    "generalAndAdministrativeExpenses": 1388000000,
    "sellingAndMarketingExpenses": 1136000000,
    "sellingGeneralAndAdministrativeExpenses": 2524000000,
    "otherExpenses": 807000000,
    "operatingExpenses": 3331000000,
    "costAndExpenses": 8301000000,
    "interestIncome": 0,
    "interestExpense": 513000000,
    "depreciationAndAmortization": 804000000,
    "ebitda": 17380000000,
    "ebitdaratio": 0.7210122381,
    "operatingIncome": 15804000000,
    "operatingIncomeRatio": 0.6556316117,
    "totalOtherIncomeExpensesNet": 259000000,
    "incomeBeforeTax": 16063000000,
    "incomeBeforeTaxRatio": 0.6663762705,
    "incomeTaxExpense": 3752000000,
    "netIncome": 12311000000,
    "netIncomeRatio": 0.5107239162,
    "eps": 5.63,
    "epsdiluted": 5.63,
    "weightedAverageShsOut": 2130301000,
    "weightedAverageShsOutDil": 2188000000,
    "link": "https://www.sec.gov/Archives/edgar/data/1403161/000140316121000060/0001403161-21-000060-index.htm",
    "finalLink": "https://www.sec.gov/Archives/edgar/data/1403161/000140316121000060/v-20210930.htm"
  },
  {
    "date": "2020-09-30",
    "symbol": "V",
    "reportedCurrency": "USD",
    "cik": "0001403161",
    "fillingDate": "2020-11-19",
    "acceptedDate": "2020-11-19 16:03:34",
    "calendarYear": "2020",
    "period": "FY",
    "revenue": 21846000000,
    "costOfRevenue": 4512000000,
    "grossProfit": 17334000000,
    "grossProfitRatio": 0.7934633342,
    "researchAndDevelopmentExpenses": 0,
    "generalAndAdministrativeExpenses": 1504000000,
    "sellingAndMarketingExpenses": 971000000,
    "sellingGeneralAndAdministrativeExpenses": 2475000000,
    "otherExpenses": 778000000,
    "operatingExpenses": 3253000000,
    "costAndExpenses": 7765000000,
    "interestIncome": 0,
    "interestExpense": 516000000,
    "depreciationAndAmortization": 767000000,
    "ebitda": 15073000000,
    "ebitdaratio": 0.6899661265,
    "operatingIncome": 14081000000,
    "operatingIncomeRatio": 0.644557356,
    "totalOtherIncomeExpensesNet": -291000000,
    "incomeBeforeTax": 13790000000,
    "incomeBeforeTaxRatio": 0.6312368397,
    "incomeTaxExpense": 2924000000,
    "netIncome": 10866000000,
    "netIncomeRatio": 0.4973908267,
    "eps": 4.9,
    "epsdiluted": 4.89,
    "weightedAverageShsOut": 2139000000,
    "weightedAverageShsOutDil": 2223000000,
    "link": "https://www.sec.gov/Archives/edgar/data/1403161/000140316120000070/0001403161-20-000070-index.htm",
    "finalLink": "https://www.sec.gov/Archives/edgar/data/1403161/000140316120000070/v-20200930.htm"
  },
  {
    "date": "2019-09-30",
    "symbol": "V",
    "reportedCurrency": "USD",
    "cik": "0001403161",
    "fillingDate": "2019-11-14",
    "acceptedDate": "2019-11-14 15:35:00",
    "calendarYear": "2019",
    "period": "FY",
    "revenue": 22977000000,
    "costOfRevenue": 4165000000,
    "grossProfit": 18812000000,
    "grossProfitRatio": 0.8187317753,
    "researchAndDevelopmentExpenses": 0,
    "generalAndAdministrativeExpenses": 1650000000,
    "sellingAndMarketingExpenses": 1105000000,
    "sellingGeneralAndAdministrativeExpenses": 2755000000,
    "otherExpenses": 1056000000,
    "operatingExpenses": 3811000000,
    "costAndExpenses": 7976000000,
    "interestIncome": 0,
    "interestExpense": 533000000,
    "depreciationAndAmortization": 656000000,
    "ebitda": 16073000000,
    "ebitdaratio": 0.6995256126,
    "operatingIncome": 15001000000,
    "operatingIncomeRatio": 0.6528702616,
    "totalOtherIncomeExpensesNet": -117000000,
    "incomeBeforeTax": 14884000000,
    "incomeBeforeTaxRatio": 0.647778213,
    "incomeTaxExpense": 2804000000,
    "netIncome": 12080000000,
    "netIncomeRatio": 0.5257431344,
    "eps": 5.32,
    "epsdiluted": 5.32,
    "weightedAverageShsOut": 2189301000,
    "weightedAverageShsOutDil": 2272000000,
    "link": "https://www.sec.gov/Archives/edgar/data/1403161/000140316119000050/0001403161-19-000050-index.htm",
    "finalLink": "https://www.sec.gov/Archives/edgar/data/1403161/000140316119000050/v093019form10k.htm"
  },
  {
    "date": "2018-09-30",
    "symbol": "V",
    "reportedCurrency": "USD",
    "cik": "0001403161",
    "fillingDate": "2018-11-16",
    "acceptedDate": "2018-11-16 16:10:27",
    "calendarYear": "2018",
    "period": "FY",
    "revenue": 20609000000,
    "costOfRevenue": 3856000000,
    "grossProfit": 16753000000,
    "grossProfitRatio": 0.8128972779,
    "researchAndDevelopmentExpenses": 0,
    "generalAndAdministrativeExpenses": 1591000000,
    "sellingAndMarketingExpenses": 988000000,
    "sellingGeneralAndAdministrativeExpenses": 2579000000,
    "otherExpenses": 1220000000,
    "operatingExpenses": 3799000000,
    "costAndExpenses": 7655000000,
    "interestIncome": 0,
    "interestExpense": 612000000,
    "depreciationAndAmortization": 613000000,
    "ebitda": 14031000000,
    "ebitdaratio": 0.6808190596,
    "operatingIncome": 12954000000,
    "operatingIncomeRatio": 0.6285603377,
    "totalOtherIncomeExpensesNet": -148000000,
    "incomeBeforeTax": 12806000000,
    "incomeBeforeTaxRatio": 0.6213790092,
    "incomeTaxExpense": 2505000000,
    "netIncome": 10301000000,
    "netIncomeRatio": 0.4998301713,
    "eps": 4.43,
    "epsdiluted": 4.42,
    "weightedAverageShsOut": 2239301000,
    "weightedAverageShsOutDil": 2329000000,
    "link": "https://www.sec.gov/Archives/edgar/data/1403161/000140316118000055/0001403161-18-000055-index.htm",
    "finalLink": "https://www.sec.gov/Archives/edgar/data/1403161/000140316118000055/v093018.htm"
  },
  {
    "date": "2017-09-30",
    "symbol": "V",
    "reportedCurrency": "USD",
    "cik": "0001403161",
    "fillingDate": "2017-11-17",
    "acceptedDate": "2017-11-16 20:07:25",
    "calendarYear": "2017",
    "period": "FY",
    "revenue": 18358000000,
    "costOfRevenue": 3248000000,
    "grossProfit": 15110000000,
    "grossProfitRatio": 0.823074409,
    "researchAndDevelopmentExpenses": 0,
    "generalAndAdministrativeExpenses": 1469000000,
    "sellingAndMarketingExpenses": 922000000,
    "sellingGeneralAndAdministrativeExpenses": 2391000000,
    "otherExpenses": 575000000,
    "operatingExpenses": 2966000000,
    "costAndExpenses": 6214000000,
    "interestIncome": 0,
    "interestExpense": 563000000,
    "depreciationAndAmortization": 556000000,
    "ebitda": 12719000000,
    "ebitdaratio": 0.6928314631,
    "operatingIncome": 12144000000,
    "operatingIncomeRatio": 0.6615099684,
    "totalOtherIncomeExpensesNet": -450000000,
    "incomeBeforeTax": 11694000000,
    "incomeBeforeTaxRatio": 0.6369974943,
    "incomeTaxExpense": 4995000000,
    "netIncome": 6699000000,
    "netIncomeRatio": 0.3649090315,
    "eps": 2.8,
    "epsdiluted": 2.8,
    "weightedAverageShsOut": 2305000000,
    "weightedAverageShsOutDil": 2395000000,
    "link": "https://www.sec.gov/Archives/edgar/data/1403161/000140316117000044/0001403161-17-000044-index.htm",
    "finalLink": "https://www.sec.gov/Archives/edgar/data/1403161/000140316117000044/v093017.htm"
  },
  {
    "date": "2016-09-30",
    "symbol": "V",
    "reportedCurrency": "USD",
    "cik": "0001403161",
    "fillingDate": "2016-11-15",
    "acceptedDate": "2016-11-15 16:44:02",
    "calendarYear": "2016",
    "period": "FY",
    "revenue": 15082000000,
    "costOfRevenue": 2764000000,
    "grossProfit": 12318000000,
    "grossProfitRatio": 0.816735181,
    "researchAndDevelopmentExpenses": 0,
    "generalAndAdministrativeExpenses": 1185000000,
    "sellingAndMarketingExpenses": 869000000,
    "sellingGeneralAndAdministrativeExpenses": 2054000000,
    "otherExpenses": 2381000000,
    "operatingExpenses": 4435000000,
    "costAndExpenses": 7199000000,
    "interestIncome": 0,
    "interestExpense": 427000000,
    "depreciationAndAmortization": 502000000,
    "ebitda": 8941000000,
    "ebitdaratio": 0.5928258852,
    "operatingIncome": 7883000000,
    "operatingIncomeRatio": 0.5226760377,
    "totalOtherIncomeExpensesNet": 129000000,
    "incomeBeforeTax": 8012000000,
    "incomeBeforeTaxRatio": 0.5312292799,
    "incomeTaxExpense": 2021000000,
    "netIncome": 5991000000,
    "netIncomeRatio": 0.3972284843,
    "eps": 2.49,
    "epsdiluted": 2.48,
    "weightedAverageShsOut": 2386000000,
    "weightedAverageShsOutDil": 2414000000,
    "link": "https://www.sec.gov/Archives/edgar/data/1403161/000140316116000058/0001403161-16-000058-index.htm",
    "finalLink": "https://www.sec.gov/Archives/edgar/data/1403161/000140316116000058/v093016.htm"
  },
  {
    "date": "2015-09-30",
    "symbol": "V",
    "reportedCurrency": "USD",
    "cik": "0001403161",
    "fillingDate": "2015-11-20",
    "acceptedDate": "2015-11-19 18:24:51",
    "calendarYear": "2015",
    "period": "FY",
    "revenue": 13880000000,
    "costOfRevenue": 2553000000,
    "grossProfit": 11327000000,
    "grossProfitRatio": 0.8160662824,
    "researchAndDevelopmentExpenses": 0,
    "generalAndAdministrativeExpenses": 883000000,
    "sellingAndMarketingExpenses": 872000000,
    "sellingGeneralAndAdministrativeExpenses": 1755000000,
    "otherExpenses": 508000000,
    "operatingExpenses": 2263000000,
    "costAndExpenses": 4816000000,
    "interestIncome": 0,
    "interestExpense": 3000000,
    "depreciationAndAmortization": 494000000,
    "ebitda": 9492000000,
    "ebitdaratio": 0.6838616715,
    "operatingIncome": 9064000000,
    "operatingIncomeRatio": 0.6530259366,
    "totalOtherIncomeExpensesNet": -69000000,
    "incomeBeforeTax": 8995000000,
    "incomeBeforeTaxRatio": 0.648054755,
    "incomeTaxExpense": 2667000000,
    "netIncome": 6328000000,
    "netIncomeRatio": 0.455907781,
    "eps": 2.58,
    "epsdiluted": 2.58,
    "weightedAverageShsOut": 2446000000,
    "weightedAverageShsOutDil": 2457000000,
    "link": "https://www.sec.gov/Archives/edgar/data/1403161/000140316115000013/0001403161-15-000013-index.htm",
    "finalLink": "https://www.sec.gov/Archives/edgar/data/1403161/000140316115000013/v093015.htm"
  }
]