[
  {
    "date": "2024-12-31",
    "symbol": "V",
    "reportedCurrency": "USD",
    "cik": "0001403161",
    "fillingDate": "2025-01-30",
    "acceptedDate": "2025-01-30 16:05:52",
    "calendarYear": "2025",
    "period": "Q1",
    "revenue": 9510000000,
    "costOfRevenue": 2020000000,
    "grossProfit": 7490000000,
    "grossProfitRatio": 0.7875920084,
    "researchAndDevelopmentExpenses": 0,
    "generalAndAdministrativeExpenses": 624000000,
    "sellingAndMarketingExpenses": 306000000,
    "sellingGeneralAndAdministrativeExpenses": 930000000,
    "otherExpenses": 326000000,
    "operatingExpenses": 1256000000,
    "costAndExpenses": 3276000000,
    "interestIncome": 0,
    "interestExpense": 182000000,
    "depreciationAndAmortization": 282000000,
    "ebitda": 6664000000,
    "ebitdaratio": 0.7007360673,
    "operatingIncome": 6234000000,
    "operatingIncomeRatio": 0.6555205047,
    "totalOtherIncomeExpensesNet": -34000000,
    "incomeBeforeTax": 6200000000,
    "incomeBeforeTaxRatio": 0.6519453207,
    "incomeTaxExpense": 1081000000,
    "netIncome": 5119000000,
    "netIncomeRatio": 0.5382754995,
    "eps": 2.96,
    "epsdiluted": 2.52,
    "weightedAverageShsOut": 1729000000,
    "weightedAverageShsOutDil": 2029000000,
    "link": "https://www.sec.gov/Archives/edgar/data/1403161/000140316125000017/0001403161-25-000017-index.htm",
    "finalLink": "https://www.sec.gov/Archives/edgar/data/1403161/000140316125000017/v-20241231.htm"
  },
  {
    "date": "2024-09-30",
    "symbol": "V",
    "reportedCurrency": "USD",
    "cik": "0001403161",
    "fillingDate": "2024-11-13",
    "acceptedDate": "2024-11-13 17:14:01",
    "calendarYear": "2024",
    "period": "Q4",
    "revenue": 9617000000,
    "costOfRevenue": 1817000000,
    "grossProfit": 7800000000,
    "grossProfitRatio": 0.8110637413,
    "researchAndDevelopmentExpenses": 0,
    "generalAndAdministrativeExpenses": 616000000,
    "sellingAndMarketingExpenses": 551000000,
    "sellingGeneralAndAdministrativeExpenses": 1167000000,
    "otherExpenses": 284000000,
    "operatingExpenses": 1451000000,
    "costAndExpenses": 3268000000,
    "interestIncome": 0,
    "interestExpense": 176000000,
    "depreciationAndAmortization": 274000000,
    "ebitda": 6822000000,
    "ebitdaratio": 0.709368826,
    "operatingIncome": 6349000000,
    "operatingIncomeRatio": 0.6601850889,
    "totalOtherIncomeExpensesNet": 23000000,
    "incomeBeforeTax": 6372000000,
    "incomeBeforeTaxRatio": 0.6625766871,
    "incomeTaxExpense": 1054000000,
    "netIncome": 5318000000,
    "netIncomeRatio": 0.5529790995,
    "eps": 3.28,
    "epsdiluted": 2.62,
    "weightedAverageShsOut": 1621000000,
    "weightedAverageShsOutDil": 2029000000,
    "link": "https://www.sec.gov/Archives/edgar/data/1403161/000140316124000058/0001403161-24-000058-index.htm",
    "finalLink": "https://www.sec.gov/Archives/edgar/data/1403161/000140316124000058/v-20240930.htm"
  },
  {
    "date": "2024-06-30",
    "symbol": "V",
    "reportedCurrency": "USD",
    "cik": "0001403161",
    "fillingDate": "2024-07-24",
    "acceptedDate": "2024-07-23 18:12:59",
    "calendarYear": "2024",
    "period": "Q3",
    "revenue": 8900000000,
    "costOfRevenue": 1773000000,
    "grossProfit": 7127000000,
    "grossProfitRatio": 0.8007865169,
    "researchAndDevelopmentExpenses": 0,
    "generalAndAdministrativeExpenses": 534000000,
    "sellingAndMarketingExpenses": 378000000,
    "sellingGeneralAndAdministrativeExpenses": 912000000,
    "otherExpenses": 277000000,
    "operatingExpenses": 1189000000,
    "costAndExpenses": 2962000000,
    "interestIncome": 0,
    "interestExpense": 196000000,
    "depreciationAndAmortization": 264000000,
    "ebitda": 6449000000,
    "ebitdaratio": 0.7246067416,
    "operatingIncome": 5938000000,
    "operatingIncomeRatio": 0.6671910112,
    "totalOtherIncomeExpensesNet": 51000000,
    "incomeBeforeTax": 5989000000,
    "incomeBeforeTaxRatio": 0.6729213483,
    "incomeTaxExpense": 1117000000,
    "netIncome": 4872000000,
    "netIncomeRatio": 0.5474157303,
    "eps": 2.4,
    "epsdiluted": 2.4,
    "weightedAverageShsOut": 1610000000,
    "weightedAverageShsOutDil": 2029000000,
    "link": "https://www.sec.gov/Archives/edgar/data/1403161/000140316124000041/0001403161-24-000041-index.htm",
    "finalLink": "https://www.sec.gov/Archives/edgar/data/1403161/000140316124000041/v-20240630.htm"
  },
  {
    "date": "2024-03-31",
    "symbol": "V",
    "reportedCurrency": "USD",
    "cik": "0001403161",
    "fillingDate": "2024-04-24",
    "acceptedDate": "2024-04-23 18:06:59",
    "calendarYear": "2024",
    "period": "Q2",
    "revenue": 8775000000,
    "costOfRevenue": 1792000000,
    "grossProfit": 6983000000,
    "grossProfitRatio": 0.7957834758,
    "researchAndDevelopmentExpenses": 0,
    "generalAndAdministrativeExpenses": 612000000,
    "sellingAndMarketingExpenses": 338000000,
    "sellingGeneralAndAdministrativeExpenses": 950000000,
    "otherExpenses": 679000000,
    "operatingExpenses": 1629000000,
    "costAndExpenses": 3421000000,
    "interestIncome": 0,
    "interestExpense": 82000000,
    "depreciationAndAmortization": 249000000,
    "ebitda": 5844000000,
    "ebitdaratio": 0.665982906,
    "operatingIncome": 5354000000,
    "operatingIncomeRatio": 0.6101424501,
    "totalOtherIncomeExpensesNet": 159000000,
    "incomeBeforeTax": 5513000000,
    "incomeBeforeTaxRatio": 0.6282621083,
    "incomeTaxExpense": 850000000,
    "netIncome": 4663000000,
    "netIncomeRatio": 0.5313960114,
    "eps": 2.29,
    "epsdiluted": 2.29,
    "weightedAverageShsOut": 1579000000,
    "weightedAverageShsOutDil": 2039000000,
    "link": "https://www.sec.gov/Archives/edgar/data/1403161/000140316124000030/0001403161-24-000030-index.htm",
    "finalLink": "https://www.sec.gov/Archives/edgar/data/1403161/000140316124000030/v-20240331.htm"
  },
  {
    "date": "2023-12-31",
    "symbol": "V",
    "reportedCurrency": "USD",
    "cik": "0001403161",
    "fillingDate": "2024-01-26",
    "acceptedDate": "2024-01-25 18:17:40",
    "calendarYear": "2024",
    "period": "Q1",
    "revenue": 8634000000,
    "costOfRevenue": 1660000000,
    "grossProfit": 6974000000,
    "grossProfitRatio": 0.8077368543,
    "researchAndDevelopmentExpenses": 0,
    "generalAndAdministrativeExpenses": 471000000,
    "sellingAndMarketingExpenses": 293000000,
    "sellingGeneralAndAdministrativeExpenses": 764000000,
    "otherExpenses": 256000000,
    "operatingExpenses": 1020000000,
    "costAndExpenses": 2680000000,
    "interestIncome": 0,
    "interestExpense": 187000000,
    "depreciationAndAmortization": 247000000,
    "ebitda": 6476000000,
    "ebitdaratio": 0.7500579106,
    "operatingIncome": 5954000000,
    "operatingIncomeRatio": 0.6895992587,
    "totalOtherIncomeExpensesNet": 88000000,
    "incomeBeforeTax": 6042000000,
    "incomeBeforeTaxRatio": 0.6997915219,
    "incomeTaxExpense": 1152000000,
    "netIncome": 4890000000,
    "netIncomeRatio": 0.5663655316,
    "eps": 2.39,
    "epsdiluted": 2.39,
    "weightedAverageShsOut": 1584000000,
    "weightedAverageShsOutDil": 2045000000,
    "link": "https://www.sec.gov/Archives/edgar/data/1403161/000140316124000016/0001403161-24-000016-index.htm",
    "finalLink": "https://www.sec.gov/Archives/edgar/data/1403161/000140316124000016/v-20231231.htm"
  },
  {
    "date": "2023-09-30",
    "symbol": "V",
    "reportedCurrency": "USD",
    "cik": "0001403161",
    "fillingDate": "2023-11-15",
    "acceptedDate": "2023-11-15 16:07:14",
    "calendarYear": "2023",
    "period": "Q4",
    "revenue": 8609000000,
    "costOfRevenue": 1695000000,
    "grossProfit": 6914000000,
    "grossProfitRatio": 0.8031130213,
    "researchAndDevelopmentExpenses": 0,
    "generalAndAdministrativeExpenses": 585000000,
    "sellingAndMarketingExpenses": 403000000,
    "sellingGeneralAndAdministrativeExpenses": 988000000,
    "otherExpenses": 376000000,
    "operatingExpenses": 1364000000,
    "costAndExpenses": 3059000000,
    "interestIncome": 0,
    "interestExpense": 183000000,
    "depreciationAndAmortization": 247000000,
    "ebitda": 6066000000,
    "ebitdaratio": 0.7046114531,
    "operatingIncome": 5550000000,
    "operatingIncomeRatio": 0.6446741782,
    "totalOtherIncomeExpensesNet": 86000000,
    "incomeBeforeTax": 5636000000,
    "incomeBeforeTaxRatio": 0.654663724,
    "incomeTaxExpense": 955000000,
    "netIncome": 4681000000,
    "netIncomeRatio": 0.5437333024,
    "eps": 2.27,
    "epsdiluted": 2.27,
    "weightedAverageShsOut": 1603000000,
    "weightedAverageShsOutDil": 2065000000,
    "link": "https://www.sec.gov/Archives/edgar/data/1403161/000140316123000099/0001403161-23-000099-index.htm",
    "finalLink": "https://www.sec.gov/Archives/edgar/data/1403161/000140316123000099/v-20230930.htm"
  },
  {
    "date": "2023-06-30",
    "symbol": "V",
    "reportedCurrency": "USD",
    "cik": "0001403161",
    "fillingDate": "2023-07-26",
    "acceptedDate": "2023-07-25 18:21:55",
    "calendarYear": "2023",
    "period": "Q3",
    "revenue": 8123000000,
    "costOfRevenue": 1663000000,
    "grossProfit": 6460000000,
    "grossProfitRatio": 0.7952726825,
    "researchAndDevelopmentExpenses": 0,
    "generalAndAdministrativeExpenses": 447000000,
    "sellingAndMarketingExpenses": 297000000,
    "sellingGeneralAndAdministrativeExpenses": 744000000,
    "otherExpenses": 692000000,
    "operatingExpenses": 1436000000,
    "costAndExpenses": 3099000000,
    "interestIncome": 0,
    "interestExpense": 182000000,
    "depreciationAndAmortization": 235000000,
    "ebitda": 5563000000,
    "ebitdaratio": 0.6848455004,
    "operatingIncome": 5024000000,
    "operatingIncomeRatio": 0.6184907054,
    "totalOtherIncomeExpensesNet": 122000000,
    "incomeBeforeTax": 5146000000,
    "incomeBeforeTaxRatio": 0.633509787,
    "incomeTaxExpense": 990000000,
    "netIncome": 4156000000,
    "netIncomeRatio": 0.5116336329,
    "eps": 2,
    "epsdiluted": 2,
    "weightedAverageShsOut": 1614000000,
    "weightedAverageShsOutDil": 2080000000,
    "link": "https://www.sec.gov/Archives/edgar/data/1403161/000140316123000072/0001403161-23-000072-index.htm",
    "finalLink": "https://www.sec.gov/Archives/edgar/data/1403161/000140316123000072/v-20230630.htm"
  },
  {
    "date": "2023-03-31",
    "symbol": "V",
    "reportedCurrency": "USD",
    "cik": "0001403161",
    "fillingDate": "2023-04-27",
    "acceptedDate": "2023-04-26 17:36:19",
    "calendarYear": "2023",
    "period": "Q2",
    "revenue": 7985000000,
    "costOfRevenue": 1694000000,
    "grossProfit": 6291000000,
    "grossProfitRatio": 0.7878522229,
    "researchAndDevelopmentExpenses": 0,
    "generalAndAdministrativeExpenses": 412000000,
    "sellingAndMarketingExpenses": 309000000,
    "sellingGeneralAndAdministrativeExpenses": 721000000,
    "otherExpenses": 234000000,
    "operatingExpenses": 955000000,
    "costAndExpenses": 2649000000,
    "interestIncome": 0,
    "interestExpense": 142000000,
    "depreciationAndAmortization": 234000000,
    "ebitda": 5654000000,
    "ebitdaratio": 0.7080776456,
    "operatingIncome": 5336000000,
    "operatingIncomeRatio": 0.6682529743,
    "totalOtherIncomeExpensesNet": -58000000,
    "incomeBeforeTax": 5278000000,
    "incomeBeforeTaxRatio": 0.660989355,
    "incomeTaxExpense": 1021000000,
    "netIncome": 4257000000,
    "netIncomeRatio": 0.5331246086,
    "eps": 2.04,
    "epsdiluted": 2.03,
    "weightedAverageShsOut": 1879000000,
    "weightedAverageShsOutDil": 2093000000,
    "link": "https://www.sec.gov/Archives/edgar/data/1403161/000140316123000031/0001403161-23-000031-index.htm",
    "finalLink": "https://www.sec.gov/Archives/edgar/data/1403161/000140316123000031/v-20230331.htm"
  },
  {
    "date": "2022-12-31",
    "symbol": "V",
    "reportedCurrency": "USD",
    "cik": "0001403161",
    "fillingDate": "2023-01-27",
    "acceptedDate": "2023-01-27 16:05:51",
    "calendarYear": "2023",
    "period": "Q1",
    "revenue": 7936000000,
    "costOfRevenue": 1515000000,
    "grossProfit": 6421000000,
    "grossProfitRatio": 0.8090977823,
    "researchAndDevelopmentExpenses": 0,
    "generalAndAdministrativeExpenses": 431000000,
    "sellingAndMarketingExpenses": 332000000,
    "sellingGeneralAndAdministrativeExpenses": 763000000,
    "otherExpenses": 568000000,
    "operatingExpenses": 1331000000,
    "costAndExpenses": 2846000000,
    "interestIncome": 0,
    "interestExpense": 137000000,
    "depreciationAndAmortization": 227000000,
    "ebitda": 5341000000,
    "ebitdaratio": 0.6730090726,
    "operatingIncome": 5090000000,
    "operatingIncomeRatio": 0.6413810484,
    "totalOtherIncomeExpensesNet": -113000000,
    "incomeBeforeTax": 4977000000,
    "incomeBeforeTaxRatio": 0.6271421371,
    "incomeTaxExpense": 798000000,
    "netIncome": 4179000000,
    "netIncomeRatio": 0.5265877016,
    "eps": 1.99,
    "epsdiluted": 1.99,
    "weightedAverageShsOut": 1884000000,
    "weightedAverageShsOutDil": 2102000000,
    "link": "https://www.sec.gov/Archives/edgar/data/1403161/000140316123000013/0001403161-23-000013-index.htm",
    "finalLink": "https://www.sec.gov/Archives/edgar/data/1403161/000140316123000013/v-20221231.htm"
  },
  {
    "date": "2022-09-30",
    "symbol": "V",
    "reportedCurrency": "USD",
    "cik": "0001403161",
    "fillingDate": "2022-11-16",
    "acceptedDate": "2022-11-16 16:06:43",
    "calendarYear": "2022",
    "period": "Q4",
    "revenue": 7787000000,
    "costOfRevenue": 1541000000,
    "grossProfit": 6246000000,
    "grossProfitRatio": 0.8021060742,
    "researchAndDevelopmentExpenses": 0,
    "generalAndAdministrativeExpenses": 501000000,
    "sellingAndMarketingExpenses": 429000000,
    "sellingGeneralAndAdministrativeExpenses": 930000000,
    "otherExpenses": 229000000,
    "operatingExpenses": 1159000000,
    "costAndExpenses": 2700000000,
    "interestIncome": 0,
    "interestExpense": 159000000,
    "depreciationAndAmortization": 226000000,
    "ebitda": 5253000000,
    "ebitdaratio": 0.6745858482,
    "operatingIncome": 5087000000,
    "operatingIncomeRatio": 0.6532682676,
    "totalOtherIncomeExpensesNet": -219000000,
    "incomeBeforeTax": 4868000000,
    "incomeBeforeTaxRatio": 0.6251444716,
    "incomeTaxExpense": 928000000,
    "netIncome": 3940000000,
    "netIncomeRatio": 0.5059714909,
    "eps": 1.86,
    "epsdiluted": 1.86,
    "weightedAverageShsOut": 1638000000,
    "weightedAverageShsOutDil": 2116000000,
    "link": "https://www.sec.gov/Archives/edgar/data/1403161/000140316122000081/0001403161-22-000081-index.htm",
    "finalLink": "https://www.sec.gov/Archives/edgar/data/1403161/000140316122000081/v-20220930.htm"
  },
  {
    "date": "2022-06-30",
    "symbol": "V",
    "reportedCurrency": "USD",
    "cik": "0001403161",
    "fillingDate": "2022-07-28",
    "acceptedDate": "2022-07-28 16:04:21",
    "calendarYear": "2022",
    "period": "Q3",
    "revenue": 7275000000,
    "costOfRevenue": 1461000000,
    "grossProfit": 5814000000,
    "grossProfitRatio": 0.7991752577,
    "researchAndDevelopmentExpenses": 0,
    "generalAndAdministrativeExpenses": 406000000,
    "sellingAndMarketingExpenses": 313000000,
    "sellingGeneralAndAdministrativeExpenses": 719000000,
    "otherExpenses": 947000000,
    "operatingExpenses": 1666000000,
    "costAndExpenses": 3127000000,
    "interestIncome": 0,
    "interestExpense": 111000000,
    "depreciationAndAmortization": 230000000,
    "ebitda": 4170000000,
    "ebitdaratio": 0.5731958763,
    "operatingIncome": 4148000000,
    "operatingIncomeRatio": 0.5701718213,
    "totalOtherIncomeExpensesNet": -319000000,
    "incomeBeforeTax": 3829000000,
    "incomeBeforeTaxRatio": 0.5263230241,
    "incomeTaxExpense": 418000000,
    "netIncome": 3411000000,
    "netIncomeRatio": 0.4688659794,
    "eps": 1.6,
    "epsdiluted": 1.6,
    "weightedAverageShsOut": 1897000000,
    "weightedAverageShsOutDil": 2384000000,
    "link": "https://www.sec.gov/Archives/edgar/data/1403161/000140316122000058/0001403161-22-000058-index.htm",
    "finalLink": "https://www.sec.gov/Archives/edgar/data/1403161/000140316122000058/v-20220630.htm"
  },
  {
    "date": "2022-03-31",
    "symbol": "V",
    "reportedCurrency": "USD",
    "cik": "0001403161",
    "fillingDate": "2022-04-28",
    "acceptedDate": "2022-04-28 16:07:54",
    "calendarYear": "2022",
    "period": "Q2",
    "revenue": 7189000000,
    "costOfRevenue": 1416000000,
    "grossProfit": 5773000000,
    "grossProfitRatio": 0.8030324106,
    "researchAndDevelopmentExpenses": 0,
    "generalAndAdministrativeExpenses": 450000000,
    "sellingAndMarketingExpenses": 314000000,
    "sellingGeneralAndAdministrativeExpenses": 764000000,
    "otherExpenses": 207000000,
    "operatingExpenses": 971000000,
    "costAndExpenses": 2387000000,
    "interestIncome": 0,
    "interestExpense": 134000000,
    "depreciationAndAmortization": 207000000,
    "ebitda": 4883000000,
    "ebitdaratio": 0.6792321602,
    "operatingIncome": 4802000000,
    "operatingIncomeRatio": 0.6679649464,
    "totalOtherIncomeExpensesNet": -260000000,
    "incomeBeforeTax": 4542000000,
    "incomeBeforeTaxRatio": 0.6317985812,
    "incomeTaxExpense": 895000000,
    "netIncome": 3647000000,
    "netIncomeRatio": 0.5073028238,
    "eps": 1.7,
    "epsdiluted": 1.7,
    "weightedAverageShsOut": 2093301000,
    "weightedAverageShsOutDil": 2142000000,
    "link": "https://www.sec.gov/Archives/edgar/data/1403161/000140316122000027/0001403161-22-000027-index.htm",
    "finalLink": "https://www.sec.gov/Archives/edgar/data/1403161/000140316122000027/v-20220331.htm"
  },
  {
    "date": "2021-12-31",
    "symbol": "V",
    "reportedCurrency": "USD",
    "cik": "0001403161",
    "fillingDate": "2022-01-28",
    "acceptedDate": "2022-01-28 16:06:16",
    "calendarYear": "2022",
    "period": "Q1",
    "revenue": 7059000000,
    "costOfRevenue": 1315000000,
    "grossProfit": 5744000000,
    "grossProfitRatio": 0.8137129905,
    "researchAndDevelopmentExpenses": 0,
    "generalAndAdministrativeExpenses": 342000000,
    "sellingAndMarketingExpenses": 280000000,
    "sellingGeneralAndAdministrativeExpenses": 622000000,
    "otherExpenses": 346000000,
    "operatingExpenses": 968000000,
    "costAndExpenses": 2283000000,
    "interestIncome": 0,
    "interestExpense": 134000000,
    "depreciationAndAmortization": 198000000,
    "ebitda": 5229000000,
    "ebitdaratio": 0.7407564811,
    "operatingIncome": 4776000000,
    "operatingIncomeRatio": 0.6765830854,
    "totalOtherIncomeExpensesNet": 121000000,
    "incomeBeforeTax": 4897000000,
    "incomeBeforeTaxRatio": 0.6937243236,
    "incomeTaxExpense": 938000000,
    "netIncome": 3959000000,
    "netIncomeRatio": 0.5608443122,
    "eps": 1.84,
    "epsdiluted": 1.83,
    "weightedAverageShsOut": 2106586000,
    "weightedAverageShsOutDil": 2159000000,
    "link": "https://www.sec.gov/Archives/edgar/data/1403161/000140316122000013/0001403161-22-000013-index.htm",
    "finalLink": "https://www.sec.gov/Archives/edgar/data/1403161/000140316122000013/v-20211231.htm"
  },
  {
    "date": "2021-09-30",
    "symbol": "V",
    "reportedCurrency": "USD",
    "cik": "0001403161",
    "fillingDate": "2021-11-18",
    "acceptedDate": "2021-11-18 16:06:50",
    "calendarYear": "2021",
    "period": "Q4",
    "revenue": 6559000000,
    "costOfRevenue": 1239000000,
    "grossProfit": 5320000000,
    "grossProfitRatio": 0.8110992529,
    "researchAndDevelopmentExpenses": 0,
    "generalAndAdministrativeExpenses": 345000000,
    "sellingAndMarketingExpenses": 457000000,
    "sellingGeneralAndAdministrativeExpenses": 802000000,
    "otherExpenses": 203000000,
    "operatingExpenses": 1005000000,
    "costAndExpenses": 2244000000,
    "interestIncome": 0,
    "interestExpense": 125000000,
    "depreciationAndAmortization": 202000000,
    "ebitda": 4625000000,
    "ebitdaratio": 0.7051379784,
    "operatingIncome": 4315000000,
    "operatingIncomeRatio": 0.657874676,
    "totalOtherIncomeExpensesNet": -17000000,
    "incomeBeforeTax": 4298000000,
    "incomeBeforeTaxRatio": 0.6552828175,
    "incomeTaxExpense": 714000000,
    "netIncome": 3584000000,
    "netIncomeRatio": 0.5464247599,
    "eps": 1.65,
    "epsdiluted": 1.65,
    "weightedAverageShsOut": 2124301000,
    "weightedAverageShsOutDil": 2175000000,
    "link": "https://www.sec.gov/Archives/edgar/data/1403161/000140316121000060/0001403161-21-000060-index.htm",
    "finalLink": "https://www.sec.gov/Archives/edgar/data/1403161/000140316121000060/v-20210930.htm"
  },
  {
    "date": "2021-06-30",
    "symbol": "V",
    "reportedCurrency": "USD",
    "cik": "0001403161",
    "fillingDate": "2021-07-29",
    "acceptedDate": "2021-07-29 16:03:32",
    "calendarYear": "2021",
    "period": "Q3",
    "revenue": 6130000000,
    "costOfRevenue": 1284000000,
    "grossProfit": 4846000000,
    "grossProfitRatio": 0.7905383361,
    "researchAndDevelopmentExpenses": 0,
    "generalAndAdministrativeExpenses": 312000000,
    "sellingAndMarketingExpenses": 268000000,
    "sellingGeneralAndAdministrativeExpenses": 580000000,
    "otherExpenses": 202000000,
    "operatingExpenses": 782000000,
    "costAndExpenses": 2066000000,
    "interestIncome": 0,
    "interestExpense": 131000000,
    "depreciationAndAmortization": 204000000,
    "ebitda": 4724000000,
    "ebitdaratio": 0.7706362153,
    "operatingIncome": 4064000000,
    "operatingIncomeRatio": 0.6629690049,
    "totalOtherIncomeExpensesNet": 325000000,
    "incomeBeforeTax": 4389000000,
    "incomeBeforeTaxRatio": 0.7159869494,
    "incomeTaxExpense": 1814000000,
    "netIncome": 2575000000,
    "netIncomeRatio": 0.4200652529,
    "eps": 1.18,
    "epsdiluted": 1.18,
    "weightedAverageShsOut": 2128586000,
    "weightedAverageShsOutDil": 2184000000,
    "link": "https://www.sec.gov/Archives/edgar/data/1403161/000140316121000042/0001403161-21-000042-index.htm",
    "finalLink": "https://www.sec.gov/Archives/edgar/data/1403161/000140316121000042/v-20210630.htm"
  },
  {
    "date": "2021-03-31",
    "symbol": "V",
    "reportedCurrency": "USD",
    "cik": "0001403161",
    "fillingDate": "2021-04-29",
    "acceptedDate": "2021-04-29 16:06:43",
    "calendarYear": "2021",
    "period": "Q2",
    "revenue": 5729000000,
    "costOfRevenue": 1293000000,
    "grossProfit": 4436000000,
    "grossProfitRatio": 0.7743061616,
    "researchAndDevelopmentExpenses": 0,
    "generalAndAdministrativeExpenses": 445000000,
    "sellingAndMarketingExpenses": 206000000,
    "sellingGeneralAndAdministrativeExpenses": 651000000,
    "otherExpenses": 204000000,
    "operatingExpenses": 855000000,
    "costAndExpenses": 2148000000,
    "interestIncome": 0,
    "interestExpense": 121000000,
    "depreciationAndAmortization": 201000000,
    "ebitda": 3950000000,
    "ebitdaratio": 0.6894746029,
    "operatingIncome": 3581000000,
    "operatingIncomeRatio": 0.6250654564,
    "totalOtherIncomeExpensesNet": 47000000,
    "incomeBeforeTax": 3628000000,
    "incomeBeforeTaxRatio": 0.6332693315,
    "incomeTaxExpense": 602000000,
    "netIncome": 3026000000,
    "netIncomeRatio": 0.528189911,
    "eps": 1.38,
    "epsdiluted": 1.38,
    "weightedAverageShsOut": 1695000000,
    "weightedAverageShsOutDil": 2193000000,
    "link": "https://www.sec.gov/Archives/edgar/data/1403161/000140316121000029/0001403161-21-000029-index.htm",
    "finalLink": "https://www.sec.gov/Archives/edgar/data/1403161/000140316121000029/v-20210331.htm"
  },
  {
    "date": "2020-12-31",
    "symbol": "V",
    "reportedCurrency": "USD",
    "cik": "0001403161",
    "fillingDate": "2021-01-29",
    "acceptedDate": "2021-01-29 16:02:28",
    "calendarYear": "2021",
    "period": "Q1",
    "revenue": 5687000000,
    "costOfRevenue": 1154000000,
    "grossProfit": 4533000000,
    "grossProfitRatio": 0.7970810621,
    "researchAndDevelopmentExpenses": 0,
    "generalAndAdministrativeExpenses": 286000000,
    "sellingAndMarketingExpenses": 205000000,
    "sellingGeneralAndAdministrativeExpenses": 491000000,
    "otherExpenses": 198000000,
    "operatingExpenses": 689000000,
    "costAndExpenses": 1843000000,
    "interestIncome": 0,
    "interestExpense": 136000000,
    "depreciationAndAmortization": 197000000,
    "ebitda": 4081000000,
    "ebitdaratio": 0.7176015474,
    "operatingIncome": 3844000000,
    "operatingIncomeRatio": 0.6759275541,
    "totalOtherIncomeExpensesNet": -96000000,
    "incomeBeforeTax": 3748000000,
    "incomeBeforeTaxRatio": 0.6590469492,
    "incomeTaxExpense": 622000000,
    "netIncome": 3126000000,
    "netIncomeRatio": 0.5496746967,
    "eps": 1.42,
    "epsdiluted": 1.42,
    "weightedAverageShsOut": 2135586000,
    "weightedAverageShsOutDil": 2200000000,
    "link": "https://www.sec.gov/Archives/edgar/data/1403161/000140316121000012/0001403161-21-000012-index.htm",
    "finalLink": "https://www.sec.gov/Archives/edgar/data/1403161/000140316121000012/v-20201231.htm"
  },
  {
    "date": "2020-09-30",
    "symbol": "V",
    "reportedCurrency": "USD",
    "cik": "0001403161",
    "fillingDate": "2020-11-19",
    "acceptedDate": "2020-11-19 16:03:34",
    "calendarYear": "2020",
    "period": "Q4",
    "revenue": 5101000000,
    "costOfRevenue": 1113000000,
    "grossProfit": 3988000000,
    "grossProfitRatio": 0.7818074887,
    "researchAndDevelopmentExpenses": 0,
    "generalAndAdministrativeExpenses": 360000000,
    "sellingAndMarketingExpenses": 288000000,
    "sellingGeneralAndAdministrativeExpenses": 648000000,
    "otherExpenses": 198000000,
    "operatingExpenses": 846000000,
    "costAndExpenses": 1959000000,
    "interestIncome": 0,
    "interestExpense": 145000000,
    "depreciationAndAmortization": 196000000,
    "ebitda": 3396000000,
    "ebitdaratio": 0.6657518134,
    "operatingIncome": 3142000000,
    "operatingIncomeRatio": 0.6159576554,
    "totalOtherIncomeExpensesNet": -87000000,
    "incomeBeforeTax": 3055000000,
    "incomeBeforeTaxRatio": 0.598902176,
    "incomeTaxExpense": 918000000,
    "netIncome": 2137000000,
    "netIncomeRatio": 0.4189374632,
    "eps": 0.97,
    "epsdiluted": 0.97,
    "weightedAverageShsOut": 2128301000,
    "weightedAverageShsOutDil": 2208000000,
    "link": "https://www.sec.gov/Archives/edgar/data/1403161/000140316120000070/0001403161-20-000070-index.htm",
    "finalLink": "https://www.sec.gov/Archives/edgar/data/1403161/000140316120000070/v-20200930.htm"
  },
  {
    "date": "2020-06-30",
    "symbol": "V",
    "reportedCurrency": "USD",
    "cik": "0001403161",
    "fillingDate": "2020-07-31",
    "acceptedDate": "2020-07-30 21:38:58",
    "calendarYear": "2020",
    "period": "Q3",
    "revenue": 4837000000,
    "costOfRevenue": 1113000000,
    "grossProfit": 3724000000,
    "grossProfitRatio": 0.7698986975,
    "researchAndDevelopmentExpenses": 0,
    "generalAndAdministrativeExpenses": 353000000,
    "sellingAndMarketingExpenses": 174000000,
    "sellingGeneralAndAdministrativeExpenses": 527000000,
    "otherExpenses": 198000000,
    "operatingExpenses": 725000000,
    "costAndExpenses": 1838000000,
    "interestIncome": 0,
    "interestExpense": 142000000,
    "depreciationAndAmortization": 197000000,
    "ebitda": 3271000000,
    "ebitdaratio": 0.6762456068,
    "operatingIncome": 2999000000,
    "operatingIncomeRatio": 0.6200124044,
    "totalOtherIncomeExpensesNet": -67000000,
    "incomeBeforeTax": 2932000000,
    "incomeBeforeTaxRatio": 0.6061608435,
    "incomeTaxExpense": 559000000,
    "netIncome": 2373000000,
    "netIncomeRatio": 0.490593343,
    "eps": 1.07,
    "epsdiluted": 1.07,
    "weightedAverageShsOut": 1690000000,
    "weightedAverageShsOutDil": 2214000000,
    "link": "https://www.sec.gov/Archives/edgar/data/1403161/000140316120000048/0001403161-20-000048-index.htm",
    "finalLink": "https://www.sec.gov/Archives/edgar/data/1403161/000140316120000048/v-20200630.htm"
  },
  {
    "date": "2020-03-31",
    "symbol": "V",
    "reportedCurrency": "USD",
    "cik": "0001403161",
    "fillingDate": "2020-05-04",
    "acceptedDate": "2020-05-04 09:04:51",
    "calendarYear": "2020",
    "period": "Q2",
    "revenue": 5854000000,
    "costOfRevenue": 1123000000,
    "grossProfit": 4731000000,
    "grossProfitRatio": 0.808165357,
    "researchAndDevelopmentExpenses": 0,
    "generalAndAdministrativeExpenses": 372000000,
    "sellingAndMarketingExpenses": 235000000,
    "sellingGeneralAndAdministrativeExpenses": 607000000,
    "otherExpenses": 200000000,
    "operatingExpenses": 807000000,
    "costAndExpenses": 1930000000,
    "interestIncome": 0,
    "interestExpense": 118000000,
    "depreciationAndAmortization": 192000000,
    "ebitda": 4139000000,
    "ebitdaratio": 0.7070379228,
    "operatingIncome": 3924000000,
    "operatingIncomeRatio": 0.6703108985,
    "totalOtherIncomeExpensesNet": -95000000,
    "incomeBeforeTax": 3829000000,
    "incomeBeforeTaxRatio": 0.6540826785,
    "incomeTaxExpense": 745000000,
    "netIncome": 3084000000,
    "netIncomeRatio": 0.5268192689,
    "eps": 1.39,
    "epsdiluted": 1.38,
    "weightedAverageShsOut": 1959000000,
    "weightedAverageShsOutDil": 2484000000,
    "link": "https://www.sec.gov/Archives/edgar/data/1403161/000140316120000028/0001403161-20-000028-index.htm",
    "finalLink": "https://www.sec.gov/Archives/edgar/data/1403161/000140316120000028/v033120form10q.htm"
  }
]