[
  {
    "date": "2024-12-31",
    "symbol": "T",
    "reportedCurrency": "USD",
    "cik": "0000732717",
    "fillingDate": "2025-02-12",
    "acceptedDate": "2025-02-12 17:23:52",
    "calendarYear": "2024",
    "period": "Q4",
    "revenue": 32298000000,
    "costOfRevenue": 14195000000,
    "grossProfit": 18103000000,
    "grossProfitRatio": 0.5604991021,
    "researchAndDevelopmentExpenses": 0,
    "generalAndAdministrativeExpenses": 0,
    "sellingAndMarketingExpenses": 0,
    "sellingGeneralAndAdministrativeExpenses": 7389000000,
    "otherExpenses": 5388000000,
    "operatingExpenses": 12777000000,
    "costAndExpenses": 26972000000,
    "interestIncome": 0,
    "interestExpense": 1661000000,
    "depreciationAndAmortization": 5374000000,
    "ebitda": 12343000000,
    "ebitdaratio": 0.3821598861,
    "operatingIncome": 5326000000,
    "operatingIncomeRatio": 0.1649018515,
    "totalOtherIncomeExpensesNet": -18000000,
    "incomeBeforeTax": 5308000000,
    "incomeBeforeTaxRatio": 0.1643445415,
    "incomeTaxExpense": 900000000,
    "netIncome": 4080000000,
    "netIncomeRatio": 0.1263236114,
    "eps": 0.56,
    "epsdiluted": 0.56,
    "weightedAverageShsOut": 7200500000,
    "weightedAverageShsOutDil": 7206000000,
    "link": "https://www.sec.gov/Archives/edgar/data/732717/000073271725000013/0000732717-25-000013-index.htm",
    "finalLink": "https://www.sec.gov/Archives/edgar/data/732717/000073271725000013/t-20241231.htm"
  },
  {
    "date": "2024-09-30",
    "symbol": "T",
    "reportedCurrency": "USD",
    "cik": "0000732717",
    "fillingDate": "2024-10-29",
    "acceptedDate": "2024-10-29 16:16:05",
    "calendarYear": "2024",
    "period": "Q3",
    "revenue": 30213000000,
    "costOfRevenue": 11630000000,
    "grossProfit": 18583000000,
    "grossProfitRatio": 0.6150663622,
    "researchAndDevelopmentExpenses": 0,
    "generalAndAdministrativeExpenses": 0,
    "sellingAndMarketingExpenses": 0,
    "sellingGeneralAndAdministrativeExpenses": 6958000000,
    "otherExpenses": 9509000000,
    "operatingExpenses": 16467000000,
    "costAndExpenses": 28097000000,
    "interestIncome": 0,
    "interestExpense": 1675000000,
    "depreciationAndAmortization": 5087000000,
    "ebitda": 8177000000,
    "ebitdaratio": 0.2706450866,
    "operatingIncome": 2116000000,
    "operatingIncomeRatio": 0.0700360772,
    "totalOtherIncomeExpensesNet": -686000000,
    "incomeBeforeTax": 1430000000,
    "incomeBeforeTaxRatio": 0.0473306193,
    "incomeTaxExpense": 1285000000,
    "netIncome": -174000000,
    "netIncomeRatio": -0.0057591103,
    "eps": -0.0314,
    "epsdiluted": -0.0314,
    "weightedAverageShsOut": 7202000000,
    "weightedAverageShsOutDil": 7208000000,
    "link": "https://www.sec.gov/Archives/edgar/data/732717/000073271724000059/0000732717-24-000059-index.htm",
    "finalLink": "https://www.sec.gov/Archives/edgar/data/732717/000073271724000059/t-20240930.htm"
  },
  {
    "date": "2024-06-30",
    "symbol": "T",
    "reportedCurrency": "USD",
    "cik": "0000732717",
    "fillingDate": "2024-07-25",
    "acceptedDate": "2024-07-25 16:07:10",
    "calendarYear": "2024",
    "period": "Q2",
    "revenue": 29797000000,
    "costOfRevenue": 11442000000,
    "grossProfit": 18355000000,
    "grossProfitRatio": 0.6160016109,
    "researchAndDevelopmentExpenses": 0,
    "generalAndAdministrativeExpenses": 0,
    "sellingAndMarketingExpenses": 0,
    "sellingGeneralAndAdministrativeExpenses": 7043000000,
    "otherExpenses": 5072000000,
    "operatingExpenses": 12115000000,
    "costAndExpenses": 23557000000,
    "interestIncome": 0,
    "interestExpense": 1699000000,
    "depreciationAndAmortization": 5072000000,
    "ebitda": 11909000000,
    "ebitdaratio": 0.3996711078,
    "operatingIncome": 6294000000,
    "operatingIncomeRatio": 0.2112293184,
    "totalOtherIncomeExpensesNet": -669000000,
    "incomeBeforeTax": 5091000000,
    "incomeBeforeTaxRatio": 0.1708561265,
    "incomeTaxExpense": 1142000000,
    "netIncome": 3597000000,
    "netIncomeRatio": 0.1207168507,
    "eps": 0.49,
    "epsdiluted": 0.49,
    "weightedAverageShsOut": 7196000000,
    "weightedAverageShsOutDil": 7198000000,
    "link": "https://www.sec.gov/Archives/edgar/data/732717/000073271724000053/0000732717-24-000053-index.htm",
    "finalLink": "https://www.sec.gov/Archives/edgar/data/732717/000073271724000053/t-20240630.htm"
  },
  {
    "date": "2024-03-31",
    "symbol": "T",
    "reportedCurrency": "USD",
    "cik": "0000732717",
    "fillingDate": "2024-05-02",
    "acceptedDate": "2024-05-01 19:20:53",
    "calendarYear": "2024",
    "period": "Q1",
    "revenue": 30028000000,
    "costOfRevenue": 11954000000,
    "grossProfit": 18074000000,
    "grossProfitRatio": 0.6019048888,
    "researchAndDevelopmentExpenses": 0,
    "generalAndAdministrativeExpenses": 0,
    "sellingAndMarketingExpenses": 0,
    "sellingGeneralAndAdministrativeExpenses": 7021000000,
    "otherExpenses": 451000000,
    "operatingExpenses": 12068000000,
    "costAndExpenses": 24022000000,
    "interestIncome": 0,
    "interestExpense": 1724000000,
    "depreciationAndAmortization": 5047000000,
    "ebitda": 11651000000,
    "ebitdaratio": 0.3880045291,
    "operatingIncome": 5847000000,
    "operatingIncomeRatio": 0.194718263,
    "totalOtherIncomeExpensesNet": -978000000,
    "incomeBeforeTax": 4869000000,
    "incomeBeforeTaxRatio": 0.1621486612,
    "incomeTaxExpense": 1118000000,
    "netIncome": 3445000000,
    "netIncomeRatio": 0.1147262555,
    "eps": 0.47,
    "epsdiluted": 0.47,
    "weightedAverageShsOut": 7192000000,
    "weightedAverageShsOutDil": 7193000000,
    "link": "https://www.sec.gov/Archives/edgar/data/732717/000073271724000022/0000732717-24-000022-index.htm",
    "finalLink": "https://www.sec.gov/Archives/edgar/data/732717/000073271724000022/t-20240331.htm"
  },
  {
    "date": "2023-12-31",
    "symbol": "T",
    "reportedCurrency": "USD",
    "cik": "0000732717",
    "fillingDate": "2024-02-23",
    "acceptedDate": "2024-02-23 16:45:20",
    "calendarYear": "2023",
    "period": "Q4",
    "revenue": 32022000000,
    "costOfRevenue": 13911000000,
    "grossProfit": 18111000000,
    "grossProfitRatio": 0.5655799138,
    "researchAndDevelopmentExpenses": 954000000,
    "generalAndAdministrativeExpenses": 0,
    "sellingAndMarketingExpenses": 0,
    "sellingGeneralAndAdministrativeExpenses": 7485000000,
    "otherExpenses": -946000000,
    "operatingExpenses": 12251000000,
    "costAndExpenses": 26162000000,
    "interestIncome": 0,
    "interestExpense": 1726000000,
    "depreciationAndAmortization": 4766000000,
    "ebitda": 9428000000,
    "ebitdaratio": 0.2944225845,
    "operatingIncome": 5271000000,
    "operatingIncomeRatio": 0.1646055837,
    "totalOtherIncomeExpensesNet": -2335000000,
    "incomeBeforeTax": 2936000000,
    "incomeBeforeTaxRatio": 0.0916869652,
    "incomeTaxExpense": 354000000,
    "netIncome": 2188000000,
    "netIncomeRatio": 0.0683280245,
    "eps": 0.3,
    "epsdiluted": 0.3,
    "weightedAverageShsOut": 7190000000,
    "weightedAverageShsOutDil": 7191000000,
    "link": "https://www.sec.gov/Archives/edgar/data/732717/000073271724000009/0000732717-24-000009-index.htm",
    "finalLink": "https://www.sec.gov/Archives/edgar/data/732717/000073271724000009/t-20231231.htm"
  },
  {
    "date": "2023-09-30",
    "symbol": "T",
    "reportedCurrency": "USD",
    "cik": "0000732717",
    "fillingDate": "2023-10-31",
    "acceptedDate": "2023-10-31 14:00:14",
    "calendarYear": "2023",
    "period": "Q3",
    "revenue": 30350000000,
    "costOfRevenue": 12054000000,
    "grossProfit": 18296000000,
    "grossProfitRatio": 0.6028336079,
    "researchAndDevelopmentExpenses": 0,
    "generalAndAdministrativeExpenses": 0,
    "sellingAndMarketingExpenses": 0,
    "sellingGeneralAndAdministrativeExpenses": 7205000000,
    "otherExpenses": 440000000,
    "operatingExpenses": 11910000000,
    "costAndExpenses": 23964000000,
    "interestIncome": 0,
    "interestExpense": 1662000000,
    "depreciationAndAmortization": 4705000000,
    "ebitda": 11914000000,
    "ebitdaratio": 0.392553542,
    "operatingIncome": 5782000000,
    "operatingIncomeRatio": 0.1905107084,
    "totalOtherIncomeExpensesNet": -802000000,
    "incomeBeforeTax": 4980000000,
    "incomeBeforeTaxRatio": 0.1640856672,
    "incomeTaxExpense": 1154000000,
    "netIncome": 3495000000,
    "netIncomeRatio": 0.1151565074,
    "eps": 0.48,
    "epsdiluted": 0.48,
    "weightedAverageShsOut": 7185000000,
    "weightedAverageShsOutDil": 7185000000,
    "link": "https://www.sec.gov/Archives/edgar/data/732717/000073271723000057/0000732717-23-000057-index.htm",
    "finalLink": "https://www.sec.gov/Archives/edgar/data/732717/000073271723000057/t-20230930.htm"
  },
  {
    "date": "2023-06-30",
    "symbol": "T",
    "reportedCurrency": "USD",
    "cik": "0000732717",
    "fillingDate": "2023-07-27",
    "acceptedDate": "2023-07-27 16:31:38",
    "calendarYear": "2023",
    "period": "Q2",
    "revenue": 29917000000,
    "costOfRevenue": 11827000000,
    "grossProfit": 18090000000,
    "grossProfitRatio": 0.6046729284,
    "researchAndDevelopmentExpenses": 0,
    "generalAndAdministrativeExpenses": 0,
    "sellingAndMarketingExpenses": 0,
    "sellingGeneralAndAdministrativeExpenses": 7009000000,
    "otherExpenses": 987000000,
    "operatingExpenses": 11684000000,
    "costAndExpenses": 23511000000,
    "interestIncome": 0,
    "interestExpense": 1608000000,
    "depreciationAndAmortization": 4675000000,
    "ebitda": 11954000000,
    "ebitdaratio": 0.3995721496,
    "operatingIncome": 6406000000,
    "operatingIncomeRatio": 0.2141257479,
    "totalOtherIncomeExpensesNet": -241000000,
    "incomeBeforeTax": 6165000000,
    "incomeBeforeTaxRatio": 0.2060701274,
    "incomeTaxExpense": 1403000000,
    "netIncome": 4489000000,
    "netIncomeRatio": 0.1500484674,
    "eps": 0.61,
    "epsdiluted": 0.61,
    "weightedAverageShsOut": 7180000000,
    "weightedAverageShsOutDil": 7180000000,
    "link": "https://www.sec.gov/Archives/edgar/data/732717/000073271723000047/0000732717-23-000047-index.htm",
    "finalLink": "https://www.sec.gov/Archives/edgar/data/732717/000073271723000047/t-20230630.htm"
  },
  {
    "date": "2023-03-31",
    "symbol": "T",
    "reportedCurrency": "USD",
    "cik": "0000732717",
    "fillingDate": "2023-05-01",
    "acceptedDate": "2023-05-01 16:16:41",
    "calendarYear": "2023",
    "period": "Q1",
    "revenue": 30139000000,
    "costOfRevenue": 12331000000,
    "grossProfit": 17808000000,
    "grossProfitRatio": 0.5908623378,
    "researchAndDevelopmentExpenses": 0,
    "generalAndAdministrativeExpenses": 0,
    "sellingAndMarketingExpenses": 0,
    "sellingGeneralAndAdministrativeExpenses": 7175000000,
    "otherExpenses": 935000000,
    "operatingExpenses": 11806000000,
    "costAndExpenses": 24137000000,
    "interestIncome": 0,
    "interestExpense": 1708000000,
    "depreciationAndAmortization": 4631000000,
    "ebitda": 11430000000,
    "ebitdaratio": 0.3792428415,
    "operatingIncome": 6002000000,
    "operatingIncomeRatio": 0.1991439663,
    "totalOtherIncomeExpensesNet": -235000000,
    "incomeBeforeTax": 5767000000,
    "incomeBeforeTaxRatio": 0.19134676,
    "incomeTaxExpense": 1314000000,
    "netIncome": 4228000000,
    "netIncomeRatio": 0.1402833538,
    "eps": 0.58,
    "epsdiluted": 0.57,
    "weightedAverageShsOut": 7168000000,
    "weightedAverageShsOutDil": 7474000000,
    "link": "https://www.sec.gov/Archives/edgar/data/732717/000073271723000022/0000732717-23-000022-index.htm",
    "finalLink": "https://www.sec.gov/Archives/edgar/data/732717/000073271723000022/t-20230331.htm"
  },
  {
    "date": "2022-12-31",
    "symbol": "T",
    "reportedCurrency": "USD",
    "cik": "0000732717",
    "fillingDate": "2023-02-13",
    "acceptedDate": "2023-02-13 16:11:56",
    "calendarYear": "2022",
    "period": "Q4",
    "revenue": 31343000000,
    "costOfRevenue": 13571000000,
    "grossProfit": 17772000000,
    "grossProfitRatio": 0.5670165587,
    "researchAndDevelopmentExpenses": 1236000000,
    "generalAndAdministrativeExpenses": 0,
    "sellingAndMarketingExpenses": 0,
    "sellingGeneralAndAdministrativeExpenses": 7516000000,
    "otherExpenses": -919000000,
    "operatingExpenses": 12111000000,
    "costAndExpenses": 25682000000,
    "interestIncome": 0,
    "interestExpense": 1560000000,
    "depreciationAndAmortization": 4595000000,
    "ebitda": -16960000000,
    "ebitdaratio": -0.5411096577,
    "operatingIncome": -21092000000,
    "operatingIncomeRatio": -0.6729413266,
    "totalOtherIncomeExpensesNet": -2105000000,
    "incomeBeforeTax": -23197000000,
    "incomeBeforeTaxRatio": -0.7401014581,
    "incomeTaxExpense": -77000000,
    "netIncome": -23517000000,
    "netIncomeRatio": -0.7503110742,
    "eps": -3.29,
    "epsdiluted": -3.12,
    "weightedAverageShsOut": 7157000000,
    "weightedAverageShsOutDil": 7533000000,
    "link": "https://www.sec.gov/Archives/edgar/data/732717/000073271723000011/0000732717-23-000011-index.htm",
    "finalLink": "https://www.sec.gov/Archives/edgar/data/732717/000073271723000011/t-20221231.htm"
  },
  {
    "date": "2022-09-30",
    "symbol": "T",
    "reportedCurrency": "USD",
    "cik": "0000732717",
    "fillingDate": "2022-11-03",
    "acceptedDate": "2022-11-03 16:04:50",
    "calendarYear": "2022",
    "period": "Q3",
    "revenue": 30043000000,
    "costOfRevenue": 12201000000,
    "grossProfit": 17842000000,
    "grossProfitRatio": 0.5938821023,
    "researchAndDevelopmentExpenses": 0,
    "generalAndAdministrativeExpenses": 0,
    "sellingAndMarketingExpenses": 0,
    "sellingGeneralAndAdministrativeExpenses": 7202000000,
    "otherExpenses": 2270000000,
    "operatingExpenses": 11716000000,
    "costAndExpenses": 23917000000,
    "interestIncome": 0,
    "interestExpense": 1420000000,
    "depreciationAndAmortization": 4514000000,
    "ebitda": 12877000000,
    "ebitdaratio": 0.4286189795,
    "operatingIncome": 6012000000,
    "operatingIncomeRatio": 0.2001131711,
    "totalOtherIncomeExpensesNet": 1242000000,
    "incomeBeforeTax": 7254000000,
    "incomeBeforeTaxRatio": 0.2414539161,
    "incomeTaxExpense": 908000000,
    "netIncome": 6026000000,
    "netIncomeRatio": 0.2005791699,
    "eps": 0.83,
    "epsdiluted": 0.8,
    "weightedAverageShsOut": 7153000000,
    "weightedAverageShsOutDil": 7647000000,
    "link": "https://www.sec.gov/Archives/edgar/data/732717/000073271722000102/0000732717-22-000102-index.htm",
    "finalLink": "https://www.sec.gov/Archives/edgar/data/732717/000073271722000102/t-20220930.htm"
  },
  {
    "date": "2022-06-30",
    "symbol": "T",
    "reportedCurrency": "USD",
    "cik": "0000732717",
    "fillingDate": "2022-08-04",
    "acceptedDate": "2022-08-04 17:13:40",
    "calendarYear": "2022",
    "period": "Q2",
    "revenue": 29643000000,
    "costOfRevenue": 12341000000,
    "grossProfit": 17302000000,
    "grossProfitRatio": 0.5836791148,
    "researchAndDevelopmentExpenses": 0,
    "generalAndAdministrativeExpenses": 0,
    "sellingAndMarketingExpenses": 0,
    "sellingGeneralAndAdministrativeExpenses": 7265000000,
    "otherExpenses": 2302000000,
    "operatingExpenses": 11715000000,
    "costAndExpenses": 24056000000,
    "interestIncome": 0,
    "interestExpense": 1502000000,
    "depreciationAndAmortization": 4450000000,
    "ebitda": 12355000000,
    "ebitdaratio": 0.4167931721,
    "operatingIncome": 4956000000,
    "operatingIncomeRatio": 0.1671895557,
    "totalOtherIncomeExpensesNet": 1304000000,
    "incomeBeforeTax": 6260000000,
    "incomeBeforeTaxRatio": 0.2111797052,
    "incomeTaxExpense": 1509000000,
    "netIncome": 4157000000,
    "netIncomeRatio": 0.1402354687,
    "eps": 0.57,
    "epsdiluted": 0.56,
    "weightedAverageShsOut": 7169000000,
    "weightedAverageShsOutDil": 7611000000,
    "link": "https://www.sec.gov/Archives/edgar/data/732717/000073271722000093/0000732717-22-000093-index.htm",
    "finalLink": "https://www.sec.gov/Archives/edgar/data/732717/000073271722000093/t-20220630.htm"
  },
  {
    "date": "2022-03-31",
    "symbol": "T",
    "reportedCurrency": "USD",
    "cik": "0000732717",
    "fillingDate": "2022-05-03",
    "acceptedDate": "2022-05-03 16:05:18",
    "calendarYear": "2022",
    "period": "Q1",
    "revenue": 29712000000,
    "costOfRevenue": 12735000000,
    "grossProfit": 16977000000,
    "grossProfitRatio": 0.5713852989,
    "researchAndDevelopmentExpenses": 0,
    "generalAndAdministrativeExpenses": 0,
    "sellingAndMarketingExpenses": 0,
    "sellingGeneralAndAdministrativeExpenses": 6978000000,
    "otherExpenses": 2157000000,
    "operatingExpenses": 11440000000,
    "costAndExpenses": 24175000000,
    "interestIncome": 0,
    "interestExpense": 1626000000,
    "depreciationAndAmortization": 5539000000,
    "ebitda": 12677000000,
    "ebitdaratio": 0.4266626279,
    "operatingIncome": 5537000000,
    "operatingIncomeRatio": 0.1863556812,
    "totalOtherIncomeExpensesNet": 1052000000,
    "incomeBeforeTax": 6589000000,
    "incomeBeforeTaxRatio": 0.2217622509,
    "incomeTaxExpense": 1440000000,
    "netIncome": 4810000000,
    "netIncomeRatio": 0.1618874529,
    "eps": 0.66,
    "epsdiluted": 0.65,
    "weightedAverageShsOut": 7184000000,
    "weightedAverageShsOutDil": 7556000000,
    "link": "https://www.sec.gov/Archives/edgar/data/732717/000073271722000042/0000732717-22-000042-index.htm",
    "finalLink": "https://www.sec.gov/Archives/edgar/data/732717/000073271722000042/t-20220331.htm"
  },
  {
    "date": "2021-12-31",
    "symbol": "T",
    "reportedCurrency": "USD",
    "cik": "0000732717",
    "fillingDate": "2022-02-16",
    "acceptedDate": "2022-02-16 06:29:38",
    "calendarYear": "2021",
    "period": "Q4",
    "revenue": 40958000000,
    "costOfRevenue": 19795000000,
    "grossProfit": 21163000000,
    "grossProfitRatio": 0.5167000342,
    "researchAndDevelopmentExpenses": 1325000000,
    "generalAndAdministrativeExpenses": 0,
    "sellingAndMarketingExpenses": 0,
    "sellingGeneralAndAdministrativeExpenses": 9994000000,
    "otherExpenses": 2354000000,
    "operatingExpenses": 15667000000,
    "costAndExpenses": 35462000000,
    "interestIncome": 0,
    "interestExpense": 1663000000,
    "depreciationAndAmortization": 5673000000,
    "ebitda": 14598000000,
    "ebitdaratio": 0.3564138874,
    "operatingIncome": 5308000000,
    "operatingIncomeRatio": 0.1295961717,
    "totalOtherIncomeExpensesNet": 1138000000,
    "incomeBeforeTax": 6446000000,
    "incomeBeforeTaxRatio": 0.1573807315,
    "incomeTaxExpense": 1056000000,
    "netIncome": 5043000000,
    "netIncomeRatio": 0.1231261292,
    "eps": 0.69,
    "epsdiluted": 0.69,
    "weightedAverageShsOut": 7172000000,
    "weightedAverageShsOutDil": 7204000000,
    "link": "https://www.sec.gov/Archives/edgar/data/732717/000073271722000015/0000732717-22-000015-index.htm",
    "finalLink": "https://www.sec.gov/Archives/edgar/data/732717/000073271722000015/t-20211231.htm"
  },
  {
    "date": "2021-09-30",
    "symbol": "T",
    "reportedCurrency": "USD",
    "cik": "0000732717",
    "fillingDate": "2021-11-04",
    "acceptedDate": "2021-11-04 16:07:09",
    "calendarYear": "2021",
    "period": "Q3",
    "revenue": 31326000000,
    "costOfRevenue": 13433000000,
    "grossProfit": 17893000000,
    "grossProfitRatio": 0.5711868735,
    "researchAndDevelopmentExpenses": 0,
    "generalAndAdministrativeExpenses": 0,
    "sellingAndMarketingExpenses": 0,
    "sellingGeneralAndAdministrativeExpenses": 7094000000,
    "otherExpenses": 1522000000,
    "operatingExpenses": 11551000000,
    "costAndExpenses": 24984000000,
    "interestIncome": 0,
    "interestExpense": 1627000000,
    "depreciationAndAmortization": 5619000000,
    "ebitda": 12504000000,
    "ebitdaratio": 0.3991572496,
    "operatingIncome": 6237000000,
    "operatingIncomeRatio": 0.1990997893,
    "totalOtherIncomeExpensesNet": 78000000,
    "incomeBeforeTax": 6315000000,
    "incomeBeforeTaxRatio": 0.2015897338,
    "incomeTaxExpense": 1296000000,
    "netIncome": 5918000000,
    "netIncomeRatio": 0.1889165549,
    "eps": 0.82,
    "epsdiluted": 0.8,
    "weightedAverageShsOut": 7171000000,
    "weightedAverageShsOutDil": 7506000000,
    "link": "https://www.sec.gov/Archives/edgar/data/732717/000073271721000080/0000732717-21-000080-index.htm",
    "finalLink": "https://www.sec.gov/Archives/edgar/data/732717/000073271721000080/t-20210930.htm"
  },
  {
    "date": "2021-06-30",
    "symbol": "T",
    "reportedCurrency": "USD",
    "cik": "0000732717",
    "fillingDate": "2021-08-05",
    "acceptedDate": "2021-08-05 16:09:44",
    "calendarYear": "2021",
    "period": "Q2",
    "revenue": 35740000000,
    "costOfRevenue": 16158000000,
    "grossProfit": 19582000000,
    "grossProfitRatio": 0.5479015109,
    "researchAndDevelopmentExpenses": 0,
    "generalAndAdministrativeExpenses": 0,
    "sellingAndMarketingExpenses": 0,
    "sellingGeneralAndAdministrativeExpenses": 7581000000,
    "otherExpenses": 1206000000,
    "operatingExpenses": 12010000000,
    "costAndExpenses": 28168000000,
    "interestIncome": 0,
    "interestExpense": 1640000000,
    "depreciationAndAmortization": 5761000000,
    "ebitda": 13189000000,
    "ebitdaratio": 0.3690263011,
    "operatingIncome": 7572000000,
    "operatingIncomeRatio": 0.2118634583,
    "totalOtherIncomeExpensesNet": -452000000,
    "incomeBeforeTax": 7120000000,
    "incomeBeforeTaxRatio": 0.1992165641,
    "incomeTaxExpense": 1151000000,
    "netIncome": 1570000000,
    "netIncomeRatio": 0.0439283716,
    "eps": 0.21,
    "epsdiluted": 0.21,
    "weightedAverageShsOut": 7168000000,
    "weightedAverageShsOutDil": 7484000000,
    "link": "https://www.sec.gov/Archives/edgar/data/732717/000073271721000067/0000732717-21-000067-index.htm",
    "finalLink": "https://www.sec.gov/Archives/edgar/data/732717/000073271721000067/t-20210630.htm"
  },
  {
    "date": "2021-03-31",
    "symbol": "T",
    "reportedCurrency": "USD",
    "cik": "0000732717",
    "fillingDate": "2021-05-06",
    "acceptedDate": "2021-05-06 16:28:02",
    "calendarYear": "2021",
    "period": "Q1",
    "revenue": 43939000000,
    "costOfRevenue": 21087000000,
    "grossProfit": 22852000000,
    "grossProfitRatio": 0.5200846628,
    "researchAndDevelopmentExpenses": 0,
    "generalAndAdministrativeExpenses": 0,
    "sellingAndMarketingExpenses": 0,
    "sellingGeneralAndAdministrativeExpenses": 9382000000,
    "otherExpenses": 4221000000,
    "operatingExpenses": 15191000000,
    "costAndExpenses": 36278000000,
    "interestIncome": 0,
    "interestExpense": 1870000000,
    "depreciationAndAmortization": 5809000000,
    "ebitda": 17088000000,
    "ebitdaratio": 0.3889027971,
    "operatingIncome": 7661000000,
    "operatingIncomeRatio": 0.1743553563,
    "totalOtherIncomeExpensesNet": 2403000000,
    "incomeBeforeTax": 10064000000,
    "incomeBeforeTaxRatio": 0.2290448121,
    "incomeTaxExpense": 2122000000,
    "netIncome": 7550000000,
    "netIncomeRatio": 0.1718291267,
    "eps": 1.04,
    "epsdiluted": 1.02,
    "weightedAverageShsOut": 7161000000,
    "weightedAverageShsOutDil": 7482000000,
    "link": "https://www.sec.gov/Archives/edgar/data/732717/000073271721000030/0000732717-21-000030-index.htm",
    "finalLink": "https://www.sec.gov/Archives/edgar/data/732717/000073271721000030/t-20210331.htm"
  },
  {
    "date": "2020-12-31",
    "symbol": "T",
    "reportedCurrency": "USD",
    "cik": "0000732717",
    "fillingDate": "2021-02-25",
    "acceptedDate": "2021-02-25 16:19:43",
    "calendarYear": "2020",
    "period": "Q4",
    "revenue": 45691000000,
    "costOfRevenue": 22910000000,
    "grossProfit": 22781000000,
    "grossProfitRatio": 0.4985883434,
    "researchAndDevelopmentExpenses": 1210000000,
    "generalAndAdministrativeExpenses": 0,
    "sellingAndMarketingExpenses": 0,
    "sellingGeneralAndAdministrativeExpenses": 10182000000,
    "otherExpenses": -3020000000,
    "operatingExpenses": 17161000000,
    "costAndExpenses": 40071000000,
    "interestIncome": 0,
    "interestExpense": 1894000000,
    "depreciationAndAmortization": 6979000000,
    "ebitda": -6680000000,
    "ebitdaratio": -0.1461994704,
    "operatingIncome": -10745000000,
    "operatingIncomeRatio": -0.235166663,
    "totalOtherIncomeExpensesNet": -4808000000,
    "incomeBeforeTax": -15553000000,
    "incomeBeforeTaxRatio": -0.3403952638,
    "incomeTaxExpense": -2038000000,
    "netIncome": -13883000000,
    "netIncomeRatio": -0.3038453962,
    "eps": -1.94,
    "epsdiluted": -1.93,
    "weightedAverageShsOut": 7150000000,
    "weightedAverageShsOutDil": 7176000000,
    "link": "https://www.sec.gov/Archives/edgar/data/732717/000073271721000012/0000732717-21-000012-index.htm",
    "finalLink": "https://www.sec.gov/Archives/edgar/data/732717/000073271721000012/t-20201231.htm"
  },
  {
    "date": "2020-09-30",
    "symbol": "T",
    "reportedCurrency": "USD",
    "cik": "0000732717",
    "fillingDate": "2020-11-05",
    "acceptedDate": "2020-11-05 16:29:49",
    "calendarYear": "2020",
    "period": "Q3",
    "revenue": 42340000000,
    "costOfRevenue": 19839000000,
    "grossProfit": 22501000000,
    "grossProfitRatio": 0.5314359943,
    "researchAndDevelopmentExpenses": 0,
    "generalAndAdministrativeExpenses": 0,
    "sellingAndMarketingExpenses": 0,
    "sellingGeneralAndAdministrativeExpenses": 9266000000,
    "otherExpenses": -231000000,
    "operatingExpenses": 16296000000,
    "costAndExpenses": 36135000000,
    "interestIncome": 0,
    "interestExpense": 1972000000,
    "depreciationAndAmortization": 7030000000,
    "ebitda": 14253000000,
    "ebitdaratio": 0.3366320265,
    "operatingIncome": 6132000000,
    "operatingIncomeRatio": 0.1448275862,
    "totalOtherIncomeExpensesNet": -2198000000,
    "incomeBeforeTax": 3934000000,
    "incomeBeforeTaxRatio": 0.0929145017,
    "incomeTaxExpense": 766000000,
    "netIncome": 2816000000,
    "netIncomeRatio": 0.0665092111,
    "eps": 0.39,
    "epsdiluted": 0.39,
    "weightedAverageShsOut": 7147000000,
    "weightedAverageShsOutDil": 7173000000,
    "link": "https://www.sec.gov/Archives/edgar/data/732717/000073271720000056/0000732717-20-000056-index.htm",
    "finalLink": "https://www.sec.gov/Archives/edgar/data/732717/000073271720000056/t-20200930.htm"
  },
  {
    "date": "2020-06-30",
    "symbol": "T",
    "reportedCurrency": "USD",
    "cik": "0000732717",
    "fillingDate": "2020-08-05",
    "acceptedDate": "2020-08-05 16:36:43",
    "calendarYear": "2020",
    "period": "Q2",
    "revenue": 40950000000,
    "costOfRevenue": 17983000000,
    "grossProfit": 22967000000,
    "grossProfitRatio": 0.5608547009,
    "researchAndDevelopmentExpenses": 0,
    "generalAndAdministrativeExpenses": 0,
    "sellingAndMarketingExpenses": 0,
    "sellingGeneralAndAdministrativeExpenses": 9831000000,
    "otherExpenses": 1017000000,
    "operatingExpenses": 17116000000,
    "costAndExpenses": 35099000000,
    "interestIncome": 0,
    "interestExpense": 2041000000,
    "depreciationAndAmortization": 7285000000,
    "ebitda": 14156000000,
    "ebitdaratio": 0.3456898657,
    "operatingIncome": 3532000000,
    "operatingIncomeRatio": 0.0862515263,
    "totalOtherIncomeExpensesNet": -1034000000,
    "incomeBeforeTax": 2498000000,
    "incomeBeforeTaxRatio": 0.061001221,
    "incomeTaxExpense": 935000000,
    "netIncome": 1281000000,
    "netIncomeRatio": 0.0312820513,
    "eps": 0.17,
    "epsdiluted": 0.17,
    "weightedAverageShsOut": 7145000000,
    "weightedAverageShsOutDil": 7170000000,
    "link": "https://www.sec.gov/Archives/edgar/data/732717/000156276220000279/0001562762-20-000279-index.htm",
    "finalLink": "https://www.sec.gov/Archives/edgar/data/732717/000156276220000279/T2q2010q.htm"
  },
  {
    "date": "2020-03-31",
    "symbol": "T",
    "reportedCurrency": "USD",
    "cik": "0000732717",
    "fillingDate": "2020-05-06",
    "acceptedDate": "2020-05-06 16:08:09",
    "calendarYear": "2020",
    "period": "Q1",
    "revenue": 42779000000,
    "costOfRevenue": 19188000000,
    "grossProfit": 23591000000,
    "grossProfitRatio": 0.551462166,
    "researchAndDevelopmentExpenses": 0,
    "generalAndAdministrativeExpenses": 0,
    "sellingAndMarketingExpenses": 0,
    "sellingGeneralAndAdministrativeExpenses": 8760000000,
    "otherExpenses": 803000000,
    "operatingExpenses": 15982000000,
    "costAndExpenses": 35170000000,
    "interestIncome": 0,
    "interestExpense": 2018000000,
    "depreciationAndAmortization": 7222000000,
    "ebitda": 15848000000,
    "ebitdaratio": 0.3704621426,
    "operatingIncome": 7486000000,
    "operatingIncomeRatio": 0.1749924028,
    "totalOtherIncomeExpensesNet": -1221000000,
    "incomeBeforeTax": 6265000000,
    "incomeBeforeTaxRatio": 0.1464503612,
    "incomeTaxExpense": 1302000000,
    "netIncome": 4610000000,
    "netIncomeRatio": 0.1077631548,
    "eps": 0.63,
    "epsdiluted": 0.63,
    "weightedAverageShsOut": 7187000000,
    "weightedAverageShsOutDil": 7214000000,
    "link": "https://www.sec.gov/Archives/edgar/data/732717/000156276220000171/0001562762-20-000171-index.htm",
    "finalLink": "https://www.sec.gov/Archives/edgar/data/732717/000156276220000171/t-20200331.htm"
  }
]