[
  {
    "date": "2024-12-31",
    "symbol": "T",
    "reportedCurrency": "USD",
    "cik": "0000732717",
    "fillingDate": "2025-02-12",
    "acceptedDate": "2025-02-12 17:23:52",
    "calendarYear": "2024",
    "period": "FY",
    "revenue": 122336000000,
    "costOfRevenue": 26972000000,
    "grossProfit": 95364000000,
    "grossProfitRatio": 0.779525242,
    "researchAndDevelopmentExpenses": 0,
    "generalAndAdministrativeExpenses": 0,
    "sellingAndMarketingExpenses": 0,
    "sellingGeneralAndAdministrativeExpenses": 28411000000,
    "otherExpenses": 47904000000,
    "operatingExpenses": 76315000000,
    "costAndExpenses": 103287000000,
    "interestIncome": 0,
    "interestExpense": 6759000000,
    "depreciationAndAmortization": 20580000000,
    "ebitda": 44037000000,
    "ebitdaratio": 0.3599676301,
    "operatingIncome": 19049000000,
    "operatingIncomeRatio": 0.1557105022,
    "totalOtherIncomeExpensesNet": -2351000000,
    "incomeBeforeTax": 16698000000,
    "incomeBeforeTaxRatio": 0.1364929375,
    "incomeTaxExpense": 4445000000,
    "netIncome": 10948000000,
    "netIncomeRatio": 0.0894912372,
    "eps": 1.49,
    "epsdiluted": 1.55,
    "weightedAverageShsOut": 7199000000,
    "weightedAverageShsOutDil": 7204000000,
    "link": "https://www.sec.gov/Archives/edgar/data/732717/000073271725000013/0000732717-25-000013-index.htm",
    "finalLink": "https://www.sec.gov/Archives/edgar/data/732717/000073271725000013/t-20241231.htm"
  },
  {
    "date": "2023-12-31",
    "symbol": "T",
    "reportedCurrency": "USD",
    "cik": "0000732717",
    "fillingDate": "2024-02-23",
    "acceptedDate": "2024-02-23 16:45:20",
    "calendarYear": "2023",
    "period": "FY",
    "revenue": 122428000000,
    "costOfRevenue": 50123000000,
    "grossProfit": 72305000000,
    "grossProfitRatio": 0.5905920214,
    "researchAndDevelopmentExpenses": 954000000,
    "generalAndAdministrativeExpenses": 0,
    "sellingAndMarketingExpenses": 0,
    "sellingGeneralAndAdministrativeExpenses": 27806000000,
    "otherExpenses": 20084000000,
    "operatingExpenses": 48844000000,
    "costAndExpenses": 98967000000,
    "interestIncome": 0,
    "interestExpense": 6704000000,
    "depreciationAndAmortization": 18777000000,
    "ebitda": 45317000000,
    "ebitdaratio": 0.3701522528,
    "operatingIncome": 23461000000,
    "operatingIncomeRatio": 0.1916309994,
    "totalOtherIncomeExpensesNet": -3613000000,
    "incomeBeforeTax": 19848000000,
    "incomeBeforeTaxRatio": 0.1621197765,
    "incomeTaxExpense": 4225000000,
    "netIncome": 14400000000,
    "netIncomeRatio": 0.1176201523,
    "eps": 1.99,
    "epsdiluted": 1.97,
    "weightedAverageShsOut": 7181000000,
    "weightedAverageShsOutDil": 7258000000,
    "link": "https://www.sec.gov/Archives/edgar/data/732717/000073271724000009/0000732717-24-000009-index.htm",
    "finalLink": "https://www.sec.gov/Archives/edgar/data/732717/000073271724000009/t-20231231.htm"
  },
  {
    "date": "2022-12-31",
    "symbol": "T",
    "reportedCurrency": "USD",
    "cik": "0000732717",
    "fillingDate": "2023-02-13",
    "acceptedDate": "2023-02-13 16:11:56",
    "calendarYear": "2022",
    "period": "FY",
    "revenue": 120741000000,
    "costOfRevenue": 50848000000,
    "grossProfit": 69893000000,
    "grossProfitRatio": 0.5788671619,
    "researchAndDevelopmentExpenses": 1236000000,
    "generalAndAdministrativeExpenses": 0,
    "sellingAndMarketingExpenses": 0,
    "sellingGeneralAndAdministrativeExpenses": 28961000000,
    "otherExpenses": 5810000000,
    "operatingExpenses": 46982000000,
    "costAndExpenses": 97830000000,
    "interestIncome": 0,
    "interestExpense": 6108000000,
    "depreciationAndAmortization": 18021000000,
    "ebitda": 21066000000,
    "ebitdaratio": 0.1744726315,
    "operatingIncome": -4587000000,
    "operatingIncomeRatio": -0.0379904092,
    "totalOtherIncomeExpensesNet": 1493000000,
    "incomeBeforeTax": -3094000000,
    "incomeBeforeTaxRatio": -0.0256250984,
    "incomeTaxExpense": 3780000000,
    "netIncome": -8524000000,
    "netIncomeRatio": -0.0705973944,
    "eps": -1.19,
    "epsdiluted": -1.12,
    "weightedAverageShsOut": 7166000000,
    "weightedAverageShsOutDil": 7587000000,
    "link": "https://www.sec.gov/Archives/edgar/data/732717/000073271723000011/0000732717-23-000011-index.htm",
    "finalLink": "https://www.sec.gov/Archives/edgar/data/732717/000073271723000011/t-20221231.htm"
  },
  {
    "date": "2021-12-31",
    "symbol": "T",
    "reportedCurrency": "USD",
    "cik": "0000732717",
    "fillingDate": "2022-02-16",
    "acceptedDate": "2022-02-16 06:29:38",
    "calendarYear": "2021",
    "period": "FY",
    "revenue": 134038000000,
    "costOfRevenue": 60407000000,
    "grossProfit": 73631000000,
    "grossProfitRatio": 0.5493292947,
    "researchAndDevelopmentExpenses": 1325000000,
    "generalAndAdministrativeExpenses": 0,
    "sellingAndMarketingExpenses": 0,
    "sellingGeneralAndAdministrativeExpenses": 29669000000,
    "otherExpenses": 9387000000,
    "operatingExpenses": 47521000000,
    "costAndExpenses": 107928000000,
    "interestIncome": 0,
    "interestExpense": 6716000000,
    "depreciationAndAmortization": 17852000000,
    "ebitda": 53719000000,
    "ebitdaratio": 0.4007744073,
    "operatingIncome": 25897000000,
    "operatingIncomeRatio": 0.1932064042,
    "totalOtherIncomeExpensesNet": 3274000000,
    "incomeBeforeTax": 29171000000,
    "incomeBeforeTaxRatio": 0.2176323132,
    "incomeTaxExpense": 5395000000,
    "netIncome": 20081000000,
    "netIncomeRatio": 0.1498157239,
    "eps": 2.77,
    "epsdiluted": 2.73,
    "weightedAverageShsOut": 7168000000,
    "weightedAverageShsOutDil": 7503000000,
    "link": "https://www.sec.gov/Archives/edgar/data/732717/000073271722000015/0000732717-22-000015-index.htm",
    "finalLink": "https://www.sec.gov/Archives/edgar/data/732717/000073271722000015/t-20211231.htm"
  },
  {
    "date": "2020-12-31",
    "symbol": "T",
    "reportedCurrency": "USD",
    "cik": "0000732717",
    "fillingDate": "2021-02-25",
    "acceptedDate": "2021-02-25 16:19:43",
    "calendarYear": "2020",
    "period": "FY",
    "revenue": 171760000000,
    "costOfRevenue": 79920000000,
    "grossProfit": 91840000000,
    "grossProfitRatio": 0.5346995808,
    "researchAndDevelopmentExpenses": 1210000000,
    "generalAndAdministrativeExpenses": 0,
    "sellingAndMarketingExpenses": 0,
    "sellingGeneralAndAdministrativeExpenses": 38039000000,
    "otherExpenses": -1431000000,
    "operatingExpenses": 66555000000,
    "costAndExpenses": 146475000000,
    "interestIncome": 0,
    "interestExpense": 7925000000,
    "depreciationAndAmortization": 28516000000,
    "ebitda": 33570000000,
    "ebitdaratio": 0.1954471355,
    "operatingIncome": 6405000000,
    "operatingIncomeRatio": 0.0372904052,
    "totalOtherIncomeExpensesNet": -9261000000,
    "incomeBeforeTax": -2856000000,
    "incomeBeforeTaxRatio": -0.0166278528,
    "incomeTaxExpense": 965000000,
    "netIncome": -5176000000,
    "netIncomeRatio": -0.0301350722,
    "eps": -0.72,
    "epsdiluted": -0.72,
    "weightedAverageShsOut": 7157000000,
    "weightedAverageShsOutDil": 7183000000,
    "link": "https://www.sec.gov/Archives/edgar/data/732717/000073271721000012/0000732717-21-000012-index.htm",
    "finalLink": "https://www.sec.gov/Archives/edgar/data/732717/000073271721000012/t-20201231.htm"
  },
  {
    "date": "2019-12-31",
    "symbol": "T",
    "reportedCurrency": "USD",
    "cik": "0000732717",
    "fillingDate": "2020-02-20",
    "acceptedDate": "2020-02-19 21:42:50",
    "calendarYear": "2019",
    "period": "FY",
    "revenue": 181193000000,
    "costOfRevenue": 84141000000,
    "grossProfit": 97052000000,
    "grossProfitRatio": 0.535627756,
    "researchAndDevelopmentExpenses": 1276000000,
    "generalAndAdministrativeExpenses": 33297000000,
    "sellingAndMarketingExpenses": 6125000000,
    "sellingGeneralAndAdministrativeExpenses": 39422000000,
    "otherExpenses": -1071000000,
    "operatingExpenses": 67639000000,
    "costAndExpenses": 151780000000,
    "interestIncome": 0,
    "interestExpense": 8422000000,
    "depreciationAndAmortization": 28217000000,
    "ebitda": 55089000000,
    "ebitdaratio": 0.3040349241,
    "operatingIncome": 27955000000,
    "operatingIncomeRatio": 0.1542830021,
    "totalOtherIncomeExpensesNet": -9487000000,
    "incomeBeforeTax": 18468000000,
    "incomeBeforeTaxRatio": 0.1019244673,
    "incomeTaxExpense": 3493000000,
    "netIncome": 13903000000,
    "netIncomeRatio": 0.0767303373,
    "eps": 1.9,
    "epsdiluted": 1.89,
    "weightedAverageShsOut": 7319000000,
    "weightedAverageShsOutDil": 7348000000,
    "link": "https://www.sec.gov/Archives/edgar/data/732717/000156276220000064/0001562762-20-000064-index.htm",
    "finalLink": "https://www.sec.gov/Archives/edgar/data/732717/000156276220000064/t-20191231.htm"
  },
  {
    "date": "2018-12-31",
    "symbol": "T",
    "reportedCurrency": "USD",
    "cik": "0000732717",
    "fillingDate": "2019-02-20",
    "acceptedDate": "2019-02-20 17:21:51",
    "calendarYear": "2018",
    "period": "FY",
    "revenue": 170756000000,
    "costOfRevenue": 79419000000,
    "grossProfit": 91337000000,
    "grossProfitRatio": 0.5348977488,
    "researchAndDevelopmentExpenses": 1194000000,
    "generalAndAdministrativeExpenses": 0,
    "sellingAndMarketingExpenses": 0,
    "sellingGeneralAndAdministrativeExpenses": 36765000000,
    "otherExpenses": 6782000000,
    "operatingExpenses": 65195000000,
    "costAndExpenses": 144614000000,
    "interestIncome": 0,
    "interestExpense": 7957000000,
    "depreciationAndAmortization": 28430000000,
    "ebitda": 61215000000,
    "ebitdaratio": 0.3584939914,
    "operatingIncome": 26096000000,
    "operatingIncomeRatio": 0.152826255,
    "totalOtherIncomeExpensesNet": -1223000000,
    "incomeBeforeTax": 24873000000,
    "incomeBeforeTaxRatio": 0.1456639884,
    "incomeTaxExpense": 4920000000,
    "netIncome": 19370000000,
    "netIncomeRatio": 0.1134367167,
    "eps": 2.86,
    "epsdiluted": 2.85,
    "weightedAverageShsOut": 6778000000,
    "weightedAverageShsOutDil": 6806000000,
    "link": "https://www.sec.gov/Archives/edgar/data/732717/000119312519045608/0001193125-19-045608-index.htm",
    "finalLink": "https://www.sec.gov/Archives/edgar/data/732717/000119312519045608/d705958d10k.htm"
  },
  {
    "date": "2017-12-31",
    "symbol": "T",
    "reportedCurrency": "USD",
    "cik": "0000732717",
    "fillingDate": "2018-02-20",
    "acceptedDate": "2018-02-20 16:15:55",
    "calendarYear": "2017",
    "period": "FY",
    "revenue": 160546000000,
    "costOfRevenue": 77810000000,
    "grossProfit": 82736000000,
    "grossProfitRatio": 0.5153413975,
    "researchAndDevelopmentExpenses": 1503000000,
    "generalAndAdministrativeExpenses": 0,
    "sellingAndMarketingExpenses": 0,
    "sellingGeneralAndAdministrativeExpenses": 35465000000,
    "otherExpenses": 1597000000,
    "operatingExpenses": 59852000000,
    "costAndExpenses": 137662000000,
    "interestIncome": 0,
    "interestExpense": 6300000000,
    "depreciationAndAmortization": 24387000000,
    "ebitda": 45805000000,
    "ebitdaratio": 0.2853076377,
    "operatingIncome": 19970000000,
    "operatingIncomeRatio": 0.1243880259,
    "totalOtherIncomeExpensesNet": -4831000000,
    "incomeBeforeTax": 15139000000,
    "incomeBeforeTaxRatio": 0.0942969616,
    "incomeTaxExpense": -14708000000,
    "netIncome": 29450000000,
    "netIncomeRatio": 0.1834365229,
    "eps": 4.77,
    "epsdiluted": 4.76,
    "weightedAverageShsOut": 6164000000,
    "weightedAverageShsOutDil": 6183000000,
    "link": "https://www.sec.gov/Archives/edgar/data/732717/000073271718000009/0000732717-18-000009-index.htm",
    "finalLink": "https://www.sec.gov/Archives/edgar/data/732717/000073271718000009/ye17_10k.htm"
  },
  {
    "date": "2016-12-31",
    "symbol": "T",
    "reportedCurrency": "USD",
    "cik": "0000732717",
    "fillingDate": "2017-02-17",
    "acceptedDate": "2017-02-17 17:30:12",
    "calendarYear": "2016",
    "period": "FY",
    "revenue": 163786000000,
    "costOfRevenue": 77190000000,
    "grossProfit": 86596000000,
    "grossProfitRatio": 0.5287142979,
    "researchAndDevelopmentExpenses": 1649000000,
    "generalAndAdministrativeExpenses": 0,
    "sellingAndMarketingExpenses": 0,
    "sellingGeneralAndAdministrativeExpenses": 36845000000,
    "otherExpenses": 1081000000,
    "operatingExpenses": 62692000000,
    "costAndExpenses": 139882000000,
    "interestIncome": 0,
    "interestExpense": 4910000000,
    "depreciationAndAmortization": 25847000000,
    "ebitda": 50548000000,
    "ebitdaratio": 0.3086222266,
    "operatingIncome": 23543000000,
    "operatingIncomeRatio": 0.1437424444,
    "totalOtherIncomeExpensesNet": -3731000000,
    "incomeBeforeTax": 19812000000,
    "incomeBeforeTaxRatio": 0.1209627196,
    "incomeTaxExpense": 6479000000,
    "netIncome": 12976000000,
    "netIncomeRatio": 0.0792253306,
    "eps": 2.1,
    "epsdiluted": 2.1,
    "weightedAverageShsOut": 6168000000,
    "weightedAverageShsOutDil": 6189000000,
    "link": "https://www.sec.gov/Archives/edgar/data/732717/000073271717000021/0000732717-17-000021-index.htm",
    "finalLink": "https://www.sec.gov/Archives/edgar/data/732717/000073271717000021/ye16_10k.htm"
  },
  {
    "date": "2015-12-31",
    "symbol": "T",
    "reportedCurrency": "USD",
    "cik": "0000732717",
    "fillingDate": "2016-02-18",
    "acceptedDate": "2016-02-18 16:33:12",
    "calendarYear": "2015",
    "period": "FY",
    "revenue": 146801000000,
    "costOfRevenue": 67046000000,
    "grossProfit": 79755000000,
    "grossProfitRatio": 0.5432864899,
    "researchAndDevelopmentExpenses": 1693000000,
    "generalAndAdministrativeExpenses": 0,
    "sellingAndMarketingExpenses": 0,
    "sellingGeneralAndAdministrativeExpenses": 32919000000,
    "otherExpenses": -52000000,
    "operatingExpenses": 54935000000,
    "costAndExpenses": 121981000000,
    "interestIncome": 0,
    "interestExpense": 4120000000,
    "depreciationAndAmortization": 22016000000,
    "ebitda": 46808000000,
    "ebitdaratio": 0.3188534138,
    "operatingIncome": 24785000000,
    "operatingIncomeRatio": 0.1688339998,
    "totalOtherIncomeExpensesNet": -4093000000,
    "incomeBeforeTax": 20692000000,
    "incomeBeforeTaxRatio": 0.1409527183,
    "incomeTaxExpense": 7005000000,
    "netIncome": 13345000000,
    "netIncomeRatio": 0.0909053753,
    "eps": 2.37,
    "epsdiluted": 2.37,
    "weightedAverageShsOut": 5628000000,
    "weightedAverageShsOutDil": 5646000000,
    "link": "https://www.sec.gov/Archives/edgar/data/732717/000073271716000147/0000732717-16-000147-index.htm",
    "finalLink": "https://www.sec.gov/Archives/edgar/data/732717/000073271716000147/ye15_10k.htm"
  }
]