[
  {
    "date": "2024-12-31",
    "symbol": "VRTX",
    "reportedCurrency": "USD",
    "cik": "0000875320",
    "fillingDate": "2025-02-13",
    "acceptedDate": "2025-02-13 16:01:52",
    "calendarYear": "2024",
    "period": "FY",
    "revenue": 11020100000,
    "costOfRevenue": 1530500000,
    "grossProfit": 9489600000,
    "grossProfitRatio": 0.8611174127,
    "researchAndDevelopmentExpenses": 3630300000,
    "generalAndAdministrativeExpenses": 0,
    "sellingAndMarketingExpenses": 0,
    "sellingGeneralAndAdministrativeExpenses": 1464300000,
    "otherExpenses": 4627900000,
    "operatingExpenses": 9722500000,
    "costAndExpenses": 11253000000,
    "interestIncome": 598100000,
    "interestExpense": 30600000,
    "depreciationAndAmortization": 207200000,
    "ebitda": 486300000,
    "ebitdaratio": 0.0441284562,
    "operatingIncome": -232900000,
    "operatingIncomeRatio": -0.0211341095,
    "totalOtherIncomeExpensesNet": 481400000,
    "incomeBeforeTax": 248500000,
    "incomeBeforeTaxRatio": 0.0225497046,
    "incomeTaxExpense": 784100000,
    "netIncome": -535600000,
    "netIncomeRatio": -0.0486020998,
    "eps": -2.08,
    "epsdiluted": -2.08,
    "weightedAverageShsOut": 257500000,
    "weightedAverageShsOutDil": 257899999,
    "link": "https://www.sec.gov/Archives/edgar/data/875320/000087532025000053/0000875320-25-000053-index.htm",
    "finalLink": "https://www.sec.gov/Archives/edgar/data/875320/000087532025000053/vrtx-20241231.htm"
  },
  {
    "date": "2023-12-31",
    "symbol": "VRTX",
    "reportedCurrency": "USD",
    "cik": "0000875320",
    "fillingDate": "2024-02-15",
    "acceptedDate": "2024-02-15 16:12:14",
    "calendarYear": "2023",
    "period": "FY",
    "revenue": 9869200000,
    "costOfRevenue": 1262200000,
    "grossProfit": 8607000000,
    "grossProfitRatio": 0.8721071617,
    "researchAndDevelopmentExpenses": 3162900000,
    "generalAndAdministrativeExpenses": 0,
    "sellingAndMarketingExpenses": 0,
    "sellingGeneralAndAdministrativeExpenses": 1136600000,
    "otherExpenses": 475500000,
    "operatingExpenses": 4775000000,
    "costAndExpenses": 6037200000,
    "interestIncome": 614700000,
    "interestExpense": 44100000,
    "depreciationAndAmortization": 181300000,
    "ebitda": 4605200000,
    "ebitdaratio": 0.4666234345,
    "operatingIncome": 4307500000,
    "operatingIncomeRatio": 0.4364588822,
    "totalOtherIncomeExpensesNet": 72300000,
    "incomeBeforeTax": 4379800000,
    "incomeBeforeTaxRatio": 0.4437847039,
    "incomeTaxExpense": 760200000,
    "netIncome": 3619600000,
    "netIncomeRatio": 0.366757184,
    "eps": 14.05,
    "epsdiluted": 13.89,
    "weightedAverageShsOut": 257700000,
    "weightedAverageShsOutDil": 260500000,
    "link": "https://www.sec.gov/Archives/edgar/data/875320/000087532024000062/0000875320-24-000062-index.htm",
    "finalLink": "https://www.sec.gov/Archives/edgar/data/875320/000087532024000062/vrtx-20231231.htm"
  },
  {
    "date": "2022-12-31",
    "symbol": "VRTX",
    "reportedCurrency": "USD",
    "cik": "0000875320",
    "fillingDate": "2023-02-10",
    "acceptedDate": "2023-02-10 16:12:03",
    "calendarYear": "2022",
    "period": "FY",
    "revenue": 8930700000,
    "costOfRevenue": 1080300000,
    "grossProfit": 7850400000,
    "grossProfitRatio": 0.879035238,
    "researchAndDevelopmentExpenses": 2540300000,
    "generalAndAdministrativeExpenses": 0,
    "sellingAndMarketingExpenses": 0,
    "sellingGeneralAndAdministrativeExpenses": 944700000,
    "otherExpenses": -164800000,
    "operatingExpenses": 3485000000,
    "costAndExpenses": 4565300000,
    "interestIncome": 144600000,
    "interestExpense": 54800000,
    "depreciationAndAmortization": 148300000,
    "ebitda": 4435500000,
    "ebitdaratio": 0.4966575968,
    "operatingIncome": 4307400000,
    "operatingIncomeRatio": 0.4823138164,
    "totalOtherIncomeExpensesNet": -75000000,
    "incomeBeforeTax": 4232400000,
    "incomeBeforeTaxRatio": 0.4739158185,
    "incomeTaxExpense": 910400000,
    "netIncome": 3322000000,
    "netIncomeRatio": 0.3719753211,
    "eps": 12.97,
    "epsdiluted": 12.82,
    "weightedAverageShsOut": 256100000,
    "weightedAverageShsOutDil": 259100000,
    "link": "https://www.sec.gov/Archives/edgar/data/875320/000087532023000007/0000875320-23-000007-index.htm",
    "finalLink": "https://www.sec.gov/Archives/edgar/data/875320/000087532023000007/vrtx-20221231.htm"
  },
  {
    "date": "2021-12-31",
    "symbol": "VRTX",
    "reportedCurrency": "USD",
    "cik": "0000875320",
    "fillingDate": "2022-02-09",
    "acceptedDate": "2022-02-09 16:37:44",
    "calendarYear": "2021",
    "period": "FY",
    "revenue": 7574400000,
    "costOfRevenue": 904200000,
    "grossProfit": 6670200000,
    "grossProfitRatio": 0.8806242079,
    "researchAndDevelopmentExpenses": 3051100000,
    "generalAndAdministrativeExpenses": 0,
    "sellingAndMarketingExpenses": 0,
    "sellingGeneralAndAdministrativeExpenses": 840100000,
    "otherExpenses": 4900000,
    "operatingExpenses": 3891200000,
    "costAndExpenses": 4795400000,
    "interestIncome": 4900000,
    "interestExpense": 61500000,
    "depreciationAndAmortization": 125600000,
    "ebitda": 2917500000,
    "ebitdaratio": 0.3851790241,
    "operatingIncome": 2782100000,
    "operatingIncomeRatio": 0.3673030207,
    "totalOtherIncomeExpensesNet": -51700000,
    "incomeBeforeTax": 2730400000,
    "incomeBeforeTaxRatio": 0.3604773975,
    "incomeTaxExpense": 388300000,
    "netIncome": 2342100000,
    "netIncomeRatio": 0.3092126109,
    "eps": 9.09,
    "epsdiluted": 9.01,
    "weightedAverageShsOut": 257700000,
    "weightedAverageShsOutDil": 259899999,
    "link": "https://www.sec.gov/Archives/edgar/data/875320/000087532022000007/0000875320-22-000007-index.htm",
    "finalLink": "https://www.sec.gov/Archives/edgar/data/875320/000087532022000007/vrtx-20211231.htm"
  },
  {
    "date": "2020-12-31",
    "symbol": "VRTX",
    "reportedCurrency": "USD",
    "cik": "0000875320",
    "fillingDate": "2021-02-11",
    "acceptedDate": "2021-02-11 16:03:06",
    "calendarYear": "2020",
    "period": "FY",
    "revenue": 6205683000,
    "costOfRevenue": 736300000,
    "grossProfit": 5469383000,
    "grossProfitRatio": 0.881350691,
    "researchAndDevelopmentExpenses": 1829537000,
    "generalAndAdministrativeExpenses": 0,
    "sellingAndMarketingExpenses": 0,
    "sellingGeneralAndAdministrativeExpenses": 770456000,
    "otherExpenses": 296420000,
    "operatingExpenses": 2599993000,
    "costAndExpenses": 3336293000,
    "interestIncome": 22239000,
    "interestExpense": 58151000,
    "depreciationAndAmortization": 109515000,
    "ebitda": 3284464000,
    "ebitdaratio": 0.529267125,
    "operatingIncome": 2856290000,
    "operatingIncomeRatio": 0.460270046,
    "totalOtherIncomeExpensesNet": 62798000,
    "incomeBeforeTax": 3116798000,
    "incomeBeforeTaxRatio": 0.5022489869,
    "incomeTaxExpense": 405151000,
    "netIncome": 2711700000,
    "netIncomeRatio": 0.436970435,
    "eps": 10.44,
    "epsdiluted": 10.29,
    "weightedAverageShsOut": 259841000,
    "weightedAverageShsOutDil": 263396000,
    "link": "https://www.sec.gov/Archives/edgar/data/875320/000087532021000006/0000875320-21-000006-index.htm",
    "finalLink": "https://www.sec.gov/Archives/edgar/data/875320/000087532021000006/vrtx-20201231.htm"
  },
  {
    "date": "2019-12-31",
    "symbol": "VRTX",
    "reportedCurrency": "USD",
    "cik": "0000875320",
    "fillingDate": "2020-02-13",
    "acceptedDate": "2020-02-13 16:48:57",
    "calendarYear": "2019",
    "period": "FY",
    "revenue": 4162821000,
    "costOfRevenue": 547758000,
    "grossProfit": 3615063000,
    "grossProfitRatio": 0.8684166338,
    "researchAndDevelopmentExpenses": 1754540000,
    "generalAndAdministrativeExpenses": 0,
    "sellingAndMarketingExpenses": 0,
    "sellingGeneralAndAdministrativeExpenses": 658498000,
    "otherExpenses": 192177000,
    "operatingExpenses": 2413038000,
    "costAndExpenses": 2960796000,
    "interestIncome": 63678000,
    "interestExpense": 58502000,
    "depreciationAndAmortization": 106941000,
    "ebitda": 1560362000,
    "ebitdaratio": 0.3748328357,
    "operatingIncome": 1197566000,
    "operatingIncomeRatio": 0.2876813584,
    "totalOtherIncomeExpensesNet": 197419000,
    "incomeBeforeTax": 1394919000,
    "incomeBeforeTaxRatio": 0.3350898345,
    "incomeTaxExpense": 218109000,
    "netIncome": 1176810000,
    "netIncomeRatio": 0.2826953165,
    "eps": 4.58,
    "epsdiluted": 4.51,
    "weightedAverageShsOut": 256728000,
    "weightedAverageShsOutDil": 260673000,
    "link": "https://www.sec.gov/Archives/edgar/data/875320/000087532020000007/0000875320-20-000007-index.htm",
    "finalLink": "https://www.sec.gov/Archives/edgar/data/875320/000087532020000007/a201910k-main.htm"
  },
  {
    "date": "2018-12-31",
    "symbol": "VRTX",
    "reportedCurrency": "USD",
    "cik": "0000875320",
    "fillingDate": "2019-02-13",
    "acceptedDate": "2019-02-13 16:38:26",
    "calendarYear": "2018",
    "period": "FY",
    "revenue": 3047597000,
    "costOfRevenue": 409539000,
    "grossProfit": 2638058000,
    "grossProfitRatio": 0.8656190435,
    "researchAndDevelopmentExpenses": 1416476000,
    "generalAndAdministrativeExpenses": 0,
    "sellingAndMarketingExpenses": 0,
    "sellingGeneralAndAdministrativeExpenses": 557616000,
    "otherExpenses": -790000,
    "operatingExpenses": 1974092000,
    "costAndExpenses": 2383631000,
    "interestIncome": 0,
    "interestExpense": 34119000,
    "depreciationAndAmortization": 72420000,
    "ebitda": 706780000,
    "ebitdaratio": 0.2319138653,
    "operatingIncome": 635150000,
    "operatingIncomeRatio": 0.2084101015,
    "totalOtherIncomeExpensesNet": -34909000,
    "incomeBeforeTax": 600241000,
    "incomeBeforeTaxRatio": 0.196955503,
    "incomeTaxExpense": -1486862000,
    "netIncome": 2096896000,
    "netIncomeRatio": 0.6880489776,
    "eps": 8.25,
    "epsdiluted": 8.09,
    "weightedAverageShsOut": 254292000,
    "weightedAverageShsOutDil": 259185000,
    "link": "https://www.sec.gov/Archives/edgar/data/875320/000087532019000006/0000875320-19-000006-index.htm",
    "finalLink": "https://www.sec.gov/Archives/edgar/data/875320/000087532019000006/a201810k-main.htm"
  },
  {
    "date": "2017-12-31",
    "symbol": "VRTX",
    "reportedCurrency": "USD",
    "cik": "0000875320",
    "fillingDate": "2018-02-15",
    "acceptedDate": "2018-02-14 18:01:38",
    "calendarYear": "2017",
    "period": "FY",
    "revenue": 2488652000,
    "costOfRevenue": 275119000,
    "grossProfit": 2213533000,
    "grossProfitRatio": 0.8894505941,
    "researchAndDevelopmentExpenses": 1324625000,
    "generalAndAdministrativeExpenses": 0,
    "sellingAndMarketingExpenses": 0,
    "sellingGeneralAndAdministrativeExpenses": 496079000,
    "otherExpenses": -81382000,
    "operatingExpenses": 1820704000,
    "costAndExpenses": 2095823000,
    "interestIncome": 11748000,
    "interestExpense": 57550000,
    "depreciationAndAmortization": 61397000,
    "ebitda": 103258000,
    "ebitdaratio": 0.0414915384,
    "operatingIncome": 123243000,
    "operatingIncomeRatio": 0.0495219902,
    "totalOtherIncomeExpensesNet": -138932000,
    "incomeBeforeTax": -15689000,
    "incomeBeforeTaxRatio": -0.0063042161,
    "incomeTaxExpense": -107324000,
    "netIncome": 263484000,
    "netIncomeRatio": 0.1058741841,
    "eps": 1.06,
    "epsdiluted": 1.04,
    "weightedAverageShsOut": 248858000,
    "weightedAverageShsOutDil": 253225000,
    "link": "https://www.sec.gov/Archives/edgar/data/875320/000087532018000009/0000875320-18-000009-index.htm",
    "finalLink": "https://www.sec.gov/Archives/edgar/data/875320/000087532018000009/a201710k-main.htm"
  },
  {
    "date": "2016-12-31",
    "symbol": "VRTX",
    "reportedCurrency": "USD",
    "cik": "0000875320",
    "fillingDate": "2017-02-23",
    "acceptedDate": "2017-02-23 15:18:18",
    "calendarYear": "2016",
    "period": "FY",
    "revenue": 1702177000,
    "costOfRevenue": 210460000,
    "grossProfit": 1491717000,
    "grossProfitRatio": 0.8763583341,
    "researchAndDevelopmentExpenses": 1047690000,
    "generalAndAdministrativeExpenses": 401429000,
    "sellingAndMarketingExpenses": 31400000,
    "sellingGeneralAndAdministrativeExpenses": 432829000,
    "otherExpenses": 4130000,
    "operatingExpenses": 1480519000,
    "costAndExpenses": 1690979000,
    "interestIncome": 0,
    "interestExpense": 81432000,
    "depreciationAndAmortization": 61398000,
    "ebitda": 75464000,
    "ebitdaratio": 0.0443338149,
    "operatingIncome": 9936000,
    "operatingIncomeRatio": 0.0058372308,
    "totalOtherIncomeExpensesNet": -77302000,
    "incomeBeforeTax": -67366000,
    "incomeBeforeTaxRatio": -0.0395763778,
    "incomeTaxExpense": 16665000,
    "netIncome": -112052000,
    "netIncomeRatio": -0.0658286418,
    "eps": -0.46,
    "epsdiluted": -0.46,
    "weightedAverageShsOut": 243591304,
    "weightedAverageShsOutDil": 244685000,
    "link": "https://www.sec.gov/Archives/edgar/data/875320/000087532017000017/0000875320-17-000017-index.htm",
    "finalLink": "https://www.sec.gov/Archives/edgar/data/875320/000087532017000017/a201610k-main.htm"
  },
  {
    "date": "2015-12-31",
    "symbol": "VRTX",
    "reportedCurrency": "USD",
    "cik": "0000875320",
    "fillingDate": "2016-02-16",
    "acceptedDate": "2016-02-16 16:23:48",
    "calendarYear": "2015",
    "period": "FY",
    "revenue": 1032336000,
    "costOfRevenue": 125542000,
    "grossProfit": 906794000,
    "grossProfitRatio": 0.878390369,
    "researchAndDevelopmentExpenses": 996170000,
    "generalAndAdministrativeExpenses": 352580000,
    "sellingAndMarketingExpenses": 24500000,
    "sellingGeneralAndAdministrativeExpenses": 377080000,
    "otherExpenses": -6713000,
    "operatingExpenses": 1373250000,
    "costAndExpenses": 1498792000,
    "interestIncome": 0,
    "interestExpense": 84206000,
    "depreciationAndAmortization": 62343000,
    "ebitda": -411251000,
    "ebitdaratio": -0.3983693294,
    "operatingIncome": -468662000,
    "operatingIncomeRatio": -0.4539820369,
    "totalOtherIncomeExpensesNet": -90921000,
    "incomeBeforeTax": -559581000,
    "incomeBeforeTaxRatio": -0.5420531687,
    "incomeTaxExpense": 30381000,
    "netIncome": -558115000,
    "netIncomeRatio": -0.5406330885,
    "eps": -2.32,
    "epsdiluted": -2.31,
    "weightedAverageShsOut": 240837229,
    "weightedAverageShsOutDil": 241312000,
    "link": "https://www.sec.gov/Archives/edgar/data/875320/000087532016000067/0000875320-16-000067-index.htm",
    "finalLink": "https://www.sec.gov/Archives/edgar/data/875320/000087532016000067/a201510k-main.htm"
  }
]