[
  {
    "date": "2024-12-31",
    "symbol": "VRTX",
    "reportedCurrency": "USD",
    "cik": "0000875320",
    "fillingDate": "2025-02-13",
    "acceptedDate": "2025-02-13 16:01:52",
    "calendarYear": "2024",
    "period": "Q4",
    "revenue": 2912000000,
    "costOfRevenue": 423400000,
    "grossProfit": 2488600000,
    "grossProfitRatio": 0.8546016484,
    "researchAndDevelopmentExpenses": 998700000,
    "generalAndAdministrativeExpenses": 0,
    "sellingAndMarketingExpenses": 0,
    "sellingGeneralAndAdministrativeExpenses": 377600000,
    "otherExpenses": 86300000,
    "operatingExpenses": 1462600000,
    "costAndExpenses": 1886000000,
    "interestIncome": 128200000,
    "interestExpense": 2800000,
    "depreciationAndAmortization": 46500000,
    "ebitda": 1185800000,
    "ebitdaratio": 0.4072115385,
    "operatingIncome": 1026000000,
    "operatingIncomeRatio": 0.3523351648,
    "totalOtherIncomeExpensesNet": 110500000,
    "incomeBeforeTax": 1136500000,
    "incomeBeforeTaxRatio": 0.3902815934,
    "incomeTaxExpense": 223500000,
    "netIncome": 913000000,
    "netIncomeRatio": 0.3135302198,
    "eps": 3.55,
    "epsdiluted": 3.5,
    "weightedAverageShsOut": 257500000,
    "weightedAverageShsOutDil": 260500000,
    "link": "https://www.sec.gov/Archives/edgar/data/875320/000087532025000053/0000875320-25-000053-index.htm",
    "finalLink": "https://www.sec.gov/Archives/edgar/data/875320/000087532025000053/vrtx-20241231.htm"
  },
  {
    "date": "2024-09-30",
    "symbol": "VRTX",
    "reportedCurrency": "USD",
    "cik": "0000875320",
    "fillingDate": "2024-11-05",
    "acceptedDate": "2024-11-05 16:11:53",
    "calendarYear": "2024",
    "period": "Q3",
    "revenue": 2771900000,
    "costOfRevenue": 392600000,
    "grossProfit": 2379300000,
    "grossProfitRatio": 0.8583642989,
    "researchAndDevelopmentExpenses": 875900000,
    "generalAndAdministrativeExpenses": 0,
    "sellingAndMarketingExpenses": 0,
    "sellingGeneralAndAdministrativeExpenses": 371800000,
    "otherExpenses": 15300000,
    "operatingExpenses": 1263000000,
    "costAndExpenses": 1655600000,
    "interestIncome": 132200000,
    "interestExpense": 7500000,
    "depreciationAndAmortization": 53200000,
    "ebitda": 1284800000,
    "ebitdaratio": 0.4635087846,
    "operatingIncome": 1116300000,
    "operatingIncomeRatio": 0.4027201558,
    "totalOtherIncomeExpensesNet": 107800000,
    "incomeBeforeTax": 1224100000,
    "incomeBeforeTaxRatio": 0.4416104477,
    "incomeTaxExpense": 178700000,
    "netIncome": 1045400000,
    "netIncomeRatio": 0.3771420325,
    "eps": 4.05,
    "epsdiluted": 4.01,
    "weightedAverageShsOut": 258000000,
    "weightedAverageShsOutDil": 261000000,
    "link": "https://www.sec.gov/Archives/edgar/data/875320/000087532024000223/0000875320-24-000223-index.htm",
    "finalLink": "https://www.sec.gov/Archives/edgar/data/875320/000087532024000223/vrtx-20240930.htm"
  },
  {
    "date": "2024-06-30",
    "symbol": "VRTX",
    "reportedCurrency": "USD",
    "cik": "0000875320",
    "fillingDate": "2024-08-02",
    "acceptedDate": "2024-08-02 16:03:02",
    "calendarYear": "2024",
    "period": "Q2",
    "revenue": 2634700000,
    "costOfRevenue": 371900000,
    "grossProfit": 2262800000,
    "grossProfitRatio": 0.8588454093,
    "researchAndDevelopmentExpenses": 5415700000,
    "generalAndAdministrativeExpenses": 0,
    "sellingAndMarketingExpenses": 0,
    "sellingGeneralAndAdministrativeExpenses": 372200000,
    "otherExpenses": -23100000,
    "operatingExpenses": 5787900000,
    "costAndExpenses": 6159800000,
    "interestIncome": 156500000,
    "interestExpense": 9900000,
    "depreciationAndAmortization": 54000000,
    "ebitda": -3327300000,
    "ebitdaratio": -1.2628762288,
    "operatingIncome": -3525100000,
    "operatingIncomeRatio": -1.3379511899,
    "totalOtherIncomeExpensesNet": 123500000,
    "incomeBeforeTax": -3391200000,
    "incomeBeforeTaxRatio": -1.2871294645,
    "incomeTaxExpense": 202400000,
    "netIncome": -3593600000,
    "netIncomeRatio": -1.3639503549,
    "eps": -13.92,
    "epsdiluted": -13.92,
    "weightedAverageShsOut": 258100000,
    "weightedAverageShsOutDil": 258100000,
    "link": "https://www.sec.gov/Archives/edgar/data/875320/000087532024000198/0000875320-24-000198-index.htm",
    "finalLink": "https://www.sec.gov/Archives/edgar/data/875320/000087532024000198/vrtx-20240630.htm"
  },
  {
    "date": "2024-03-31",
    "symbol": "VRTX",
    "reportedCurrency": "USD",
    "cik": "0000875320",
    "fillingDate": "2024-05-07",
    "acceptedDate": "2024-05-07 16:14:28",
    "calendarYear": "2024",
    "period": "Q1",
    "revenue": 2687200000,
    "costOfRevenue": 342600000,
    "grossProfit": 2344600000,
    "grossProfitRatio": 0.8725066984,
    "researchAndDevelopmentExpenses": 865900000,
    "generalAndAdministrativeExpenses": 0,
    "sellingAndMarketingExpenses": 0,
    "sellingGeneralAndAdministrativeExpenses": 342700000,
    "otherExpenses": -31200000,
    "operatingExpenses": 1208600000,
    "costAndExpenses": 1551200000,
    "interestIncome": 181200000,
    "interestExpense": 10400000,
    "depreciationAndAmortization": 53500000,
    "ebitda": 1343000000,
    "ebitdaratio": 0.4997767193,
    "operatingIncome": 1136000000,
    "operatingIncomeRatio": 0.4227448645,
    "totalOtherIncomeExpensesNet": 139600000,
    "incomeBeforeTax": 1279100000,
    "incomeBeforeTaxRatio": 0.4759973206,
    "incomeTaxExpense": 179500000,
    "netIncome": 1099600000,
    "netIncomeRatio": 0.4091991664,
    "eps": 4.26,
    "epsdiluted": 4.21,
    "weightedAverageShsOut": 258200000,
    "weightedAverageShsOutDil": 261100000,
    "link": "https://www.sec.gov/Archives/edgar/data/875320/000087532024000139/0000875320-24-000139-index.htm",
    "finalLink": "https://www.sec.gov/Archives/edgar/data/875320/000087532024000139/vrtx-20240331.htm"
  },
  {
    "date": "2023-12-31",
    "symbol": "VRTX",
    "reportedCurrency": "USD",
    "cik": "0000875320",
    "fillingDate": "2024-02-15",
    "acceptedDate": "2024-02-15 16:12:14",
    "calendarYear": "2023",
    "period": "Q4",
    "revenue": 2517700000,
    "costOfRevenue": 368000000,
    "grossProfit": 2149700000,
    "grossProfitRatio": 0.8538348493,
    "researchAndDevelopmentExpenses": 821800000,
    "generalAndAdministrativeExpenses": 0,
    "sellingAndMarketingExpenses": 0,
    "sellingGeneralAndAdministrativeExpenses": 369100000,
    "otherExpenses": -9800000,
    "operatingExpenses": 1190900000,
    "costAndExpenses": 1558900000,
    "interestIncome": 179500000,
    "interestExpense": 10600000,
    "depreciationAndAmortization": 59000000,
    "ebitda": 1217200000,
    "ebitdaratio": 0.4834571236,
    "operatingIncome": 958800000,
    "operatingIncomeRatio": 0.3808237677,
    "totalOtherIncomeExpensesNet": 159100000,
    "incomeBeforeTax": 1147600000,
    "incomeBeforeTaxRatio": 0.4558128451,
    "incomeTaxExpense": 178800000,
    "netIncome": 968800000,
    "netIncomeRatio": 0.3847956468,
    "eps": 3.76,
    "epsdiluted": 3.71,
    "weightedAverageShsOut": 257700000,
    "weightedAverageShsOutDil": 260899999,
    "link": "https://www.sec.gov/Archives/edgar/data/875320/000087532024000062/0000875320-24-000062-index.htm",
    "finalLink": "https://www.sec.gov/Archives/edgar/data/875320/000087532024000062/vrtx-20231231.htm"
  },
  {
    "date": "2023-09-30",
    "symbol": "VRTX",
    "reportedCurrency": "USD",
    "cik": "0000875320",
    "fillingDate": "2023-11-07",
    "acceptedDate": "2023-11-07 16:16:57",
    "calendarYear": "2023",
    "period": "Q3",
    "revenue": 2483500000,
    "costOfRevenue": 318700000,
    "grossProfit": 2164800000,
    "grossProfitRatio": 0.8716730421,
    "researchAndDevelopmentExpenses": 810000000,
    "generalAndAdministrativeExpenses": 0,
    "sellingAndMarketingExpenses": 0,
    "sellingGeneralAndAdministrativeExpenses": 263800000,
    "otherExpenses": -15900000,
    "operatingExpenses": 1073800000,
    "costAndExpenses": 1392500000,
    "interestIncome": 167900000,
    "interestExpense": 10900000,
    "depreciationAndAmortization": 42100000,
    "ebitda": 1232200000,
    "ebitdaratio": 0.4961546205,
    "operatingIncome": 1038100000,
    "operatingIncomeRatio": 0.417998792,
    "totalOtherIncomeExpensesNet": 141100000,
    "incomeBeforeTax": 1179200000,
    "incomeBeforeTaxRatio": 0.4748137709,
    "incomeTaxExpense": 143900000,
    "netIncome": 1035300000,
    "netIncomeRatio": 0.4168713509,
    "eps": 4.01,
    "epsdiluted": 3.97,
    "weightedAverageShsOut": 258000000,
    "weightedAverageShsOutDil": 260600000,
    "link": "https://www.sec.gov/Archives/edgar/data/875320/000087532023000031/0000875320-23-000031-index.htm",
    "finalLink": "https://www.sec.gov/Archives/edgar/data/875320/000087532023000031/vrtx-20230930.htm"
  },
  {
    "date": "2023-06-30",
    "symbol": "VRTX",
    "reportedCurrency": "USD",
    "cik": "0000875320",
    "fillingDate": "2023-08-02",
    "acceptedDate": "2023-08-02 16:05:15",
    "calendarYear": "2023",
    "period": "Q2",
    "revenue": 2493200000,
    "costOfRevenue": 308600000,
    "grossProfit": 2184600000,
    "grossProfitRatio": 0.8762233275,
    "researchAndDevelopmentExpenses": 785700000,
    "generalAndAdministrativeExpenses": 0,
    "sellingAndMarketingExpenses": 0,
    "sellingGeneralAndAdministrativeExpenses": 262600000,
    "otherExpenses": 1600000,
    "operatingExpenses": 1048300000,
    "costAndExpenses": 1356900000,
    "interestIncome": 144700000,
    "interestExpense": 11200000,
    "depreciationAndAmortization": 41400000,
    "ebitda": 1214100000,
    "ebitdaratio": 0.4869645436,
    "operatingIncome": 1026400000,
    "operatingIncomeRatio": 0.411679769,
    "totalOtherIncomeExpensesNet": 135100000,
    "incomeBeforeTax": 1161500000,
    "incomeBeforeTaxRatio": 0.4658671587,
    "incomeTaxExpense": 245800000,
    "netIncome": 915700000,
    "netIncomeRatio": 0.3672789989,
    "eps": 3.55,
    "epsdiluted": 3.52,
    "weightedAverageShsOut": 257700000,
    "weightedAverageShsOutDil": 260399999,
    "link": "https://www.sec.gov/Archives/edgar/data/875320/000087532023000021/0000875320-23-000021-index.htm",
    "finalLink": "https://www.sec.gov/Archives/edgar/data/875320/000087532023000021/vrtx-20230630.htm"
  },
  {
    "date": "2023-03-31",
    "symbol": "VRTX",
    "reportedCurrency": "USD",
    "cik": "0000875320",
    "fillingDate": "2023-05-02",
    "acceptedDate": "2023-05-02 16:07:33",
    "calendarYear": "2023",
    "period": "Q1",
    "revenue": 2374800000,
    "costOfRevenue": 266900000,
    "grossProfit": 2107900000,
    "grossProfitRatio": 0.8876115883,
    "researchAndDevelopmentExpenses": 742600000,
    "generalAndAdministrativeExpenses": 0,
    "sellingAndMarketingExpenses": 0,
    "sellingGeneralAndAdministrativeExpenses": 241100000,
    "otherExpenses": 345200000,
    "operatingExpenses": 1328900000,
    "costAndExpenses": 1595800000,
    "interestIncome": 122600000,
    "interestExpense": 11400000,
    "depreciationAndAmortization": 38800000,
    "ebitda": 1163000000,
    "ebitdaratio": 0.4897254506,
    "operatingIncome": 779000000,
    "operatingIncomeRatio": 0.3280276234,
    "totalOtherIncomeExpensesNet": 112500000,
    "incomeBeforeTax": 891500000,
    "incomeBeforeTaxRatio": 0.3754000337,
    "incomeTaxExpense": 191700000,
    "netIncome": 699800000,
    "netIncomeRatio": 0.2946774465,
    "eps": 2.72,
    "epsdiluted": 2.69,
    "weightedAverageShsOut": 257400000,
    "weightedAverageShsOutDil": 260300000,
    "link": "https://www.sec.gov/Archives/edgar/data/875320/000087532023000012/0000875320-23-000012-index.htm",
    "finalLink": "https://www.sec.gov/Archives/edgar/data/875320/000087532023000012/vrtx-20230331.htm"
  },
  {
    "date": "2022-12-31",
    "symbol": "VRTX",
    "reportedCurrency": "USD",
    "cik": "0000875320",
    "fillingDate": "2023-02-10",
    "acceptedDate": "2023-02-10 16:12:03",
    "calendarYear": "2022",
    "period": "Q4",
    "revenue": 2302700000,
    "costOfRevenue": 283300000,
    "grossProfit": 2019400000,
    "grossProfitRatio": 0.8769705129,
    "researchAndDevelopmentExpenses": 694100000,
    "generalAndAdministrativeExpenses": 0,
    "sellingAndMarketingExpenses": 0,
    "sellingGeneralAndAdministrativeExpenses": 267400000,
    "otherExpenses": 24400000,
    "operatingExpenses": 985900000,
    "costAndExpenses": 1269200000,
    "interestIncome": 86000000,
    "interestExpense": 11600000,
    "depreciationAndAmortization": 38400000,
    "ebitda": 1096300000,
    "ebitdaratio": 0.4760932818,
    "operatingIncome": 1033500000,
    "operatingIncomeRatio": 0.4488209493,
    "totalOtherIncomeExpensesNet": 43300000,
    "incomeBeforeTax": 1076800000,
    "incomeBeforeTaxRatio": 0.467624962,
    "incomeTaxExpense": 257900000,
    "netIncome": 818900000,
    "netIncomeRatio": 0.3556260043,
    "eps": 3.19,
    "epsdiluted": 3.15,
    "weightedAverageShsOut": 256900000,
    "weightedAverageShsOutDil": 260300000,
    "link": "https://www.sec.gov/Archives/edgar/data/875320/000087532023000007/0000875320-23-000007-index.htm",
    "finalLink": "https://www.sec.gov/Archives/edgar/data/875320/000087532023000007/vrtx-20221231.htm"
  },
  {
    "date": "2022-09-30",
    "symbol": "VRTX",
    "reportedCurrency": "USD",
    "cik": "0000875320",
    "fillingDate": "2022-10-28",
    "acceptedDate": "2022-10-28 16:07:51",
    "calendarYear": "2022",
    "period": "Q3",
    "revenue": 2334300000,
    "costOfRevenue": 289400000,
    "grossProfit": 2044900000,
    "grossProfitRatio": 0.8760227906,
    "researchAndDevelopmentExpenses": 645000000,
    "generalAndAdministrativeExpenses": 0,
    "sellingAndMarketingExpenses": 0,
    "sellingGeneralAndAdministrativeExpenses": 246800000,
    "otherExpenses": 17200000,
    "operatingExpenses": 891800000,
    "costAndExpenses": 1181200000,
    "interestIncome": 46200000,
    "interestExpense": 13700000,
    "depreciationAndAmortization": 36700000,
    "ebitda": 1226800000,
    "ebitdaratio": 0.5255536992,
    "operatingIncome": 1126700000,
    "operatingIncomeRatio": 0.4826714647,
    "totalOtherIncomeExpensesNet": 49700000,
    "incomeBeforeTax": 1176400000,
    "incomeBeforeTaxRatio": 0.503962644,
    "incomeTaxExpense": 245900000,
    "netIncome": 930500000,
    "netIncomeRatio": 0.3986205715,
    "eps": 3.63,
    "epsdiluted": 3.59,
    "weightedAverageShsOut": 256500000,
    "weightedAverageShsOutDil": 259500000,
    "link": "https://www.sec.gov/Archives/edgar/data/875320/000087532022000038/0000875320-22-000038-index.htm",
    "finalLink": "https://www.sec.gov/Archives/edgar/data/875320/000087532022000038/vrtx-20220930.htm"
  },
  {
    "date": "2022-06-30",
    "symbol": "VRTX",
    "reportedCurrency": "USD",
    "cik": "0000875320",
    "fillingDate": "2022-08-05",
    "acceptedDate": "2022-08-05 16:06:38",
    "calendarYear": "2022",
    "period": "Q2",
    "revenue": 2196200000,
    "costOfRevenue": 261800000,
    "grossProfit": 1934400000,
    "grossProfitRatio": 0.8807940989,
    "researchAndDevelopmentExpenses": 600100000,
    "generalAndAdministrativeExpenses": 0,
    "sellingAndMarketingExpenses": 0,
    "sellingGeneralAndAdministrativeExpenses": 215300000,
    "otherExpenses": -78100000,
    "operatingExpenses": 815400000,
    "costAndExpenses": 1077200000,
    "interestIncome": 10800000,
    "interestExpense": 14600000,
    "depreciationAndAmortization": -54600000,
    "ebitda": 1076300000,
    "ebitdaratio": 0.4900737638,
    "operatingIncome": 1106300000,
    "operatingIncomeRatio": 0.5037337219,
    "totalOtherIncomeExpensesNet": -81900000,
    "incomeBeforeTax": 1024400000,
    "incomeBeforeTaxRatio": 0.4664420362,
    "incomeTaxExpense": 213900000,
    "netIncome": 810500000,
    "netIncomeRatio": 0.3690465349,
    "eps": 3.17,
    "epsdiluted": 3.13,
    "weightedAverageShsOut": 255900000,
    "weightedAverageShsOutDil": 258700000,
    "link": "https://www.sec.gov/Archives/edgar/data/875320/000087532022000030/0000875320-22-000030-index.htm",
    "finalLink": "https://www.sec.gov/Archives/edgar/data/875320/000087532022000030/vrtx-20220630.htm"
  },
  {
    "date": "2022-03-31",
    "symbol": "VRTX",
    "reportedCurrency": "USD",
    "cik": "0000875320",
    "fillingDate": "2022-05-06",
    "acceptedDate": "2022-05-06 16:03:58",
    "calendarYear": "2022",
    "period": "Q1",
    "revenue": 2097500000,
    "costOfRevenue": 245800000,
    "grossProfit": 1851700000,
    "grossProfitRatio": 0.8828128725,
    "researchAndDevelopmentExpenses": 603100000,
    "generalAndAdministrativeExpenses": 0,
    "sellingAndMarketingExpenses": 0,
    "sellingGeneralAndAdministrativeExpenses": 215200000,
    "otherExpenses": -72800000,
    "operatingExpenses": 818300000,
    "costAndExpenses": 1064100000,
    "interestIncome": 1600000,
    "interestExpense": 14900000,
    "depreciationAndAmortization": -78700000,
    "ebitda": 1005600000,
    "ebitdaratio": 0.4794278903,
    "operatingIncome": 1040900000,
    "operatingIncomeRatio": 0.4962574493,
    "totalOtherIncomeExpensesNet": -86100000,
    "incomeBeforeTax": 954800000,
    "incomeBeforeTaxRatio": 0.4552085816,
    "incomeTaxExpense": 192700000,
    "netIncome": 762100000,
    "netIncomeRatio": 0.3633373063,
    "eps": 2.99,
    "epsdiluted": 2.96,
    "weightedAverageShsOut": 255100000,
    "weightedAverageShsOutDil": 257900000,
    "link": "https://www.sec.gov/Archives/edgar/data/875320/000087532022000014/0000875320-22-000014-index.htm",
    "finalLink": "https://www.sec.gov/Archives/edgar/data/875320/000087532022000014/vrtx-20220331.htm"
  },
  {
    "date": "2021-12-31",
    "symbol": "VRTX",
    "reportedCurrency": "USD",
    "cik": "0000875320",
    "fillingDate": "2022-02-09",
    "acceptedDate": "2022-02-09 16:37:44",
    "calendarYear": "2021",
    "period": "Q4",
    "revenue": 2072600000,
    "costOfRevenue": 247400000,
    "grossProfit": 1825200000,
    "grossProfitRatio": 0.8806330213,
    "researchAndDevelopmentExpenses": 694300000,
    "generalAndAdministrativeExpenses": 0,
    "sellingAndMarketingExpenses": 0,
    "sellingGeneralAndAdministrativeExpenses": 255200000,
    "otherExpenses": 7100000,
    "operatingExpenses": 949500000,
    "costAndExpenses": 1196900000,
    "interestIncome": 1200000,
    "interestExpense": 15100000,
    "depreciationAndAmortization": 33832000,
    "ebitda": 919832000,
    "ebitdaratio": 0.4438058477,
    "operatingIncome": 877700000,
    "operatingIncomeRatio": 0.4234777574,
    "totalOtherIncomeExpensesNet": -6823000,
    "incomeBeforeTax": 870900000,
    "incomeBeforeTaxRatio": 0.4201968542,
    "incomeTaxExpense": 100800000,
    "netIncome": 770100000,
    "netIncomeRatio": 0.3715622889,
    "eps": 3.02,
    "epsdiluted": 3,
    "weightedAverageShsOut": 254600000,
    "weightedAverageShsOutDil": 257000000,
    "link": "https://www.sec.gov/Archives/edgar/data/875320/000087532022000007/0000875320-22-000007-index.htm",
    "finalLink": "https://www.sec.gov/Archives/edgar/data/875320/000087532022000007/vrtx-20211231.htm"
  },
  {
    "date": "2021-09-30",
    "symbol": "VRTX",
    "reportedCurrency": "USD",
    "cik": "0000875320",
    "fillingDate": "2021-11-03",
    "acceptedDate": "2021-11-03 16:18:27",
    "calendarYear": "2021",
    "period": "Q3",
    "revenue": 1984164000,
    "costOfRevenue": 236512000,
    "grossProfit": 1747652000,
    "grossProfitRatio": 0.8808001758,
    "researchAndDevelopmentExpenses": 493751000,
    "generalAndAdministrativeExpenses": 0,
    "sellingAndMarketingExpenses": 0,
    "sellingGeneralAndAdministrativeExpenses": 198189000,
    "otherExpenses": 42368000,
    "operatingExpenses": 691940000,
    "costAndExpenses": 928452000,
    "interestIncome": 1116000,
    "interestExpense": 15255000,
    "depreciationAndAmortization": 31696000,
    "ebitda": 1129692000,
    "ebitdaratio": 0.5693541461,
    "operatingIncome": 1054512000,
    "operatingIncomeRatio": 0.531464133,
    "totalOtherIncomeExpensesNet": 341000,
    "incomeBeforeTax": 1082741000,
    "incomeBeforeTaxRatio": 0.5456912836,
    "incomeTaxExpense": 230813000,
    "netIncome": 851928000,
    "netIncomeRatio": 0.4293637018,
    "eps": 3.3,
    "epsdiluted": 3.28,
    "weightedAverageShsOut": 257876000,
    "weightedAverageShsOutDil": 259707000,
    "link": "https://www.sec.gov/Archives/edgar/data/875320/000087532021000033/0000875320-21-000033-index.htm",
    "finalLink": "https://www.sec.gov/Archives/edgar/data/875320/000087532021000033/vrtx-20210930.htm"
  },
  {
    "date": "2021-06-30",
    "symbol": "VRTX",
    "reportedCurrency": "USD",
    "cik": "0000875320",
    "fillingDate": "2021-07-30",
    "acceptedDate": "2021-07-30 16:10:41",
    "calendarYear": "2021",
    "period": "Q2",
    "revenue": 1793370000,
    "costOfRevenue": 227972000,
    "grossProfit": 1565398000,
    "grossProfitRatio": 0.872880666,
    "researchAndDevelopmentExpenses": 1407090000,
    "generalAndAdministrativeExpenses": 0,
    "sellingAndMarketingExpenses": 0,
    "sellingGeneralAndAdministrativeExpenses": 194669000,
    "otherExpenses": 8051000,
    "operatingExpenses": 1601759000,
    "costAndExpenses": 1829731000,
    "interestIncome": 1133000,
    "interestExpense": 15478000,
    "depreciationAndAmortization": 31238000,
    "ebitda": 2461000,
    "ebitdaratio": 0.0013722768,
    "operatingIncome": -37961000,
    "operatingIncomeRatio": -0.0211674111,
    "totalOtherIncomeExpensesNet": -6294000,
    "incomeBeforeTax": -44255000,
    "incomeBeforeTaxRatio": -0.0246770047,
    "incomeTaxExpense": -111179000,
    "netIncome": 66924000,
    "netIncomeRatio": 0.0373174526,
    "eps": 0.26,
    "epsdiluted": 0.26,
    "weightedAverageShsOut": 258988000,
    "weightedAverageShsOutDil": 261020000,
    "link": "https://www.sec.gov/Archives/edgar/data/875320/000087532021000027/0000875320-21-000027-index.htm",
    "finalLink": "https://www.sec.gov/Archives/edgar/data/875320/000087532021000027/vrtx-20210630.htm"
  },
  {
    "date": "2021-03-31",
    "symbol": "VRTX",
    "reportedCurrency": "USD",
    "cik": "0000875320",
    "fillingDate": "2021-04-30",
    "acceptedDate": "2021-04-30 16:19:12",
    "calendarYear": "2021",
    "period": "Q1",
    "revenue": 1724305000,
    "costOfRevenue": 192329000,
    "grossProfit": 1531976000,
    "grossProfitRatio": 0.8884599882,
    "researchAndDevelopmentExpenses": 455973000,
    "generalAndAdministrativeExpenses": 0,
    "sellingAndMarketingExpenses": 0,
    "sellingGeneralAndAdministrativeExpenses": 192077000,
    "otherExpenses": -52653000,
    "operatingExpenses": 648050000,
    "costAndExpenses": 840379000,
    "interestIncome": 1465000,
    "interestExpense": 15678000,
    "depreciationAndAmortization": 28834000,
    "ebitda": 865472000,
    "ebitdaratio": 0.5019251235,
    "operatingIncome": 887826000,
    "operatingIncomeRatio": 0.5148891872,
    "totalOtherIncomeExpensesNet": -66840000,
    "incomeBeforeTax": 820960000,
    "incomeBeforeTaxRatio": 0.4761106649,
    "incomeTaxExpense": 167822000,
    "netIncome": 653138000,
    "netIncomeRatio": 0.3787833359,
    "eps": 2.52,
    "epsdiluted": 2.49,
    "weightedAverageShsOut": 259369000,
    "weightedAverageShsOutDil": 261916000,
    "link": "https://www.sec.gov/Archives/edgar/data/875320/000087532021000015/0000875320-21-000015-index.htm",
    "finalLink": "https://www.sec.gov/Archives/edgar/data/875320/000087532021000015/vrtx-20210331.htm"
  },
  {
    "date": "2020-12-31",
    "symbol": "VRTX",
    "reportedCurrency": "USD",
    "cik": "0000875320",
    "fillingDate": "2021-02-11",
    "acceptedDate": "2021-02-11 16:03:06",
    "calendarYear": "2020",
    "period": "Q4",
    "revenue": 1627820000,
    "costOfRevenue": 203101000,
    "grossProfit": 1424719000,
    "grossProfitRatio": 0.8752312909,
    "researchAndDevelopmentExpenses": 466584000,
    "generalAndAdministrativeExpenses": 0,
    "sellingAndMarketingExpenses": 0,
    "sellingGeneralAndAdministrativeExpenses": 211843000,
    "otherExpenses": 156799000,
    "operatingExpenses": 678427000,
    "costAndExpenses": 881528000,
    "interestIncome": 2320000,
    "interestExpense": 16288000,
    "depreciationAndAmortization": 29355000,
    "ebitda": 934266000,
    "ebitdaratio": 0.5739369218,
    "operatingIncome": 745792000,
    "operatingIncomeRatio": 0.4581538499,
    "totalOtherIncomeExpensesNet": 142831000,
    "incomeBeforeTax": 888623000,
    "incomeBeforeTaxRatio": 0.5458975808,
    "incomeTaxExpense": 284433000,
    "netIncome": 604190000,
    "netIncomeRatio": 0.3711651165,
    "eps": 2.32,
    "epsdiluted": 2.3,
    "weightedAverageShsOut": 260038000,
    "weightedAverageShsOutDil": 263106000,
    "link": "https://www.sec.gov/Archives/edgar/data/875320/000087532021000006/0000875320-21-000006-index.htm",
    "finalLink": "https://www.sec.gov/Archives/edgar/data/875320/000087532021000006/vrtx-20201231.htm"
  },
  {
    "date": "2020-09-30",
    "symbol": "VRTX",
    "reportedCurrency": "USD",
    "cik": "0000875320",
    "fillingDate": "2020-10-30",
    "acceptedDate": "2020-10-30 16:13:31",
    "calendarYear": "2020",
    "period": "Q3",
    "revenue": 1538271000,
    "costOfRevenue": 186182000,
    "grossProfit": 1352089000,
    "grossProfitRatio": 0.87896671,
    "researchAndDevelopmentExpenses": 493497000,
    "generalAndAdministrativeExpenses": 0,
    "sellingAndMarketingExpenses": 0,
    "sellingGeneralAndAdministrativeExpenses": 184551000,
    "otherExpenses": 84386000,
    "operatingExpenses": 678048000,
    "costAndExpenses": 864230000,
    "interestIncome": 3100000,
    "interestExpense": 13856000,
    "depreciationAndAmortization": 26642000,
    "ebitda": 786369000,
    "ebitdaratio": 0.5112031625,
    "operatingIncome": 672241000,
    "operatingIncomeRatio": 0.4370107738,
    "totalOtherIncomeExpensesNet": 73630000,
    "incomeBeforeTax": 745871000,
    "incomeBeforeTaxRatio": 0.4848762019,
    "incomeTaxExpense": 78437000,
    "netIncome": 667434000,
    "netIncomeRatio": 0.4338858368,
    "eps": 2.56,
    "epsdiluted": 2.53,
    "weightedAverageShsOut": 260392000,
    "weightedAverageShsOutDil": 264079000,
    "link": "https://www.sec.gov/Archives/edgar/data/875320/000087532020000043/0000875320-20-000043-index.htm",
    "finalLink": "https://www.sec.gov/Archives/edgar/data/875320/000087532020000043/vrtx-20200930.htm"
  },
  {
    "date": "2020-06-30",
    "symbol": "VRTX",
    "reportedCurrency": "USD",
    "cik": "0000875320",
    "fillingDate": "2020-07-31",
    "acceptedDate": "2020-07-31 16:18:29",
    "calendarYear": "2020",
    "period": "Q2",
    "revenue": 1524485000,
    "costOfRevenue": 184520000,
    "grossProfit": 1339965000,
    "grossProfitRatio": 0.8789624037,
    "researchAndDevelopmentExpenses": 420928000,
    "generalAndAdministrativeExpenses": 0,
    "sellingAndMarketingExpenses": 0,
    "sellingGeneralAndAdministrativeExpenses": 191804000,
    "otherExpenses": 116365000,
    "operatingExpenses": 612732000,
    "costAndExpenses": 797252000,
    "interestIncome": 4243000,
    "interestExpense": 13871000,
    "depreciationAndAmortization": 26697000,
    "ebitda": 865338000,
    "ebitdaratio": 0.5676264443,
    "operatingIncome": 718033000,
    "operatingIncomeRatio": 0.4710003706,
    "totalOtherIncomeExpensesNet": 106737000,
    "incomeBeforeTax": 824770000,
    "incomeBeforeTaxRatio": 0.5410154905,
    "incomeTaxExpense": -12500000,
    "netIncome": 837270000,
    "netIncomeRatio": 0.5492149808,
    "eps": 3.22,
    "epsdiluted": 3.18,
    "weightedAverageShsOut": 259637000,
    "weightedAverageShsOutDil": 263403000,
    "link": "https://www.sec.gov/Archives/edgar/data/875320/000087532020000030/0000875320-20-000030-index.htm",
    "finalLink": "https://www.sec.gov/Archives/edgar/data/875320/000087532020000030/vrtx-20200630.htm"
  },
  {
    "date": "2020-03-31",
    "symbol": "VRTX",
    "reportedCurrency": "USD",
    "cik": "0000875320",
    "fillingDate": "2020-05-01",
    "acceptedDate": "2020-05-01 16:37:49",
    "calendarYear": "2020",
    "period": "Q1",
    "revenue": 1515107000,
    "costOfRevenue": 162497000,
    "grossProfit": 1352610000,
    "grossProfitRatio": 0.892748829,
    "researchAndDevelopmentExpenses": 448528000,
    "generalAndAdministrativeExpenses": 0,
    "sellingAndMarketingExpenses": 0,
    "sellingGeneralAndAdministrativeExpenses": 182258000,
    "otherExpenses": -61130000,
    "operatingExpenses": 630786000,
    "costAndExpenses": 793283000,
    "interestIncome": 12576000,
    "interestExpense": 14136000,
    "depreciationAndAmortization": 26821000,
    "ebitda": 698491000,
    "ebitdaratio": 0.4610176047,
    "operatingIncome": 720224000,
    "operatingIncomeRatio": 0.4753618061,
    "totalOtherIncomeExpensesNet": -62690000,
    "incomeBeforeTax": 657534000,
    "incomeBeforeTaxRatio": 0.4339851905,
    "incomeTaxExpense": 54781000,
    "netIncome": 602753000,
    "netIncomeRatio": 0.3978286682,
    "eps": 2.32,
    "epsdiluted": 2.29,
    "weightedAverageShsOut": 259815000,
    "weightedAverageShsOutDil": 263515000,
    "link": "https://www.sec.gov/Archives/edgar/data/875320/000087532020000019/0000875320-20-000019-index.htm",
    "finalLink": "https://www.sec.gov/Archives/edgar/data/875320/000087532020000019/a2020q110-q.htm"
  }
]