[
  {
    "date": "2024-12-31",
    "symbol": "TTE",
    "reportedCurrency": "USD",
    "cik": "0000879764",
    "fillingDate": "2025-03-31",
    "acceptedDate": "2025-03-31 12:43:38",
    "calendarYear": "2024",
    "period": "FY",
    "revenue": 195610000000,
    "costOfRevenue": 170548000000,
    "grossProfit": 25062000000,
    "grossProfitRatio": 0.1281222841,
    "researchAndDevelopmentExpenses": 0,
    "generalAndAdministrativeExpenses": 0,
    "sellingAndMarketingExpenses": 0,
    "sellingGeneralAndAdministrativeExpenses": 0,
    "otherExpenses": 0,
    "operatingExpenses": 0,
    "costAndExpenses": -170548000000,
    "interestIncome": 1786000000,
    "interestExpense": 3851000000,
    "depreciationAndAmortization": 12025000000,
    "ebitda": 41107000000,
    "ebitdaratio": 0.210147743,
    "operatingIncome": 25062000000,
    "operatingIncomeRatio": 0.1281222841,
    "totalOtherIncomeExpensesNet": 169000000,
    "incomeBeforeTax": 25231000000,
    "incomeBeforeTaxRatio": 0.1289862481,
    "incomeTaxExpense": 10775000000,
    "netIncome": 15758000000,
    "netIncomeRatio": 0.0805582537,
    "eps": 6.91,
    "epsdiluted": 6.81,
    "weightedAverageShsOut": 2280542633,
    "weightedAverageShsOutDil": 2315000000,
    "link": "https://www.sec.gov/Archives/edgar/data/879764/000110465925029751/0001104659-25-029751-index.htm",
    "finalLink": "https://www.sec.gov/Archives/edgar/data/879764/000110465925029751/tot-20241231x20f.htm"
  },
  {
    "date": "2023-12-31",
    "symbol": "TTE",
    "reportedCurrency": "USD",
    "cik": "0000879764",
    "fillingDate": "2024-03-29",
    "acceptedDate": "2024-03-29 11:06:40",
    "calendarYear": "2023",
    "period": "FY",
    "revenue": 218945000000,
    "costOfRevenue": 187692000000,
    "grossProfit": 31253000000,
    "grossProfitRatio": 0.1427436114,
    "researchAndDevelopmentExpenses": 0,
    "generalAndAdministrativeExpenses": 0,
    "sellingAndMarketingExpenses": 0,
    "sellingGeneralAndAdministrativeExpenses": -1458000000,
    "otherExpenses": 0,
    "operatingExpenses": -729000000,
    "costAndExpenses": 186963000000,
    "interestIncome": 1420000000,
    "interestExpense": 2153000000,
    "depreciationAndAmortization": 13818000000,
    "ebitda": 50782000000,
    "ebitdaratio": 0.2319395282,
    "operatingIncome": 31982000000,
    "operatingIncomeRatio": 0.1460732147,
    "totalOtherIncomeExpensesNet": 2829000000,
    "incomeBeforeTax": 34811000000,
    "incomeBeforeTaxRatio": 0.158994268,
    "incomeTaxExpense": 13301000000,
    "netIncome": 21384000000,
    "netIncomeRatio": 0.0976683642,
    "eps": 8.85,
    "epsdiluted": 8.79,
    "weightedAverageShsOut": 2417361304,
    "weightedAverageShsOutDil": 2433767578,
    "link": "https://www.sec.gov/Archives/edgar/data/879764/000110465924040994/0001104659-24-040994-index.htm",
    "finalLink": "https://www.sec.gov/Archives/edgar/data/879764/000110465924040994/tot-20231231x20f.htm"
  },
  {
    "date": "2022-12-31",
    "symbol": "TTE",
    "reportedCurrency": "USD",
    "cik": "0000879764",
    "fillingDate": "2023-03-24",
    "acceptedDate": "2023-03-24 12:13:13",
    "calendarYear": "2022",
    "period": "FY",
    "revenue": 263310000000,
    "costOfRevenue": 181669000000,
    "grossProfit": 81641000000,
    "grossProfitRatio": 0.3100565873,
    "researchAndDevelopmentExpenses": 762000000,
    "generalAndAdministrativeExpenses": 0,
    "sellingAndMarketingExpenses": 0,
    "sellingGeneralAndAdministrativeExpenses": 574000000,
    "otherExpenses": 31088000000,
    "operatingExpenses": 31088000000,
    "costAndExpenses": 212757000000,
    "interestIncome": 1143000000,
    "interestExpense": 2386000000,
    "depreciationAndAmortization": 11892000000,
    "ebitda": 59133000000,
    "ebitdaratio": 0.2245755953,
    "operatingIncome": 45672000000,
    "operatingIncomeRatio": 0.173453344,
    "totalOtherIncomeExpensesNet": -3950000000,
    "incomeBeforeTax": 43286000000,
    "incomeBeforeTaxRatio": 0.1643917816,
    "incomeTaxExpense": 22242000000,
    "netIncome": 20526000000,
    "netIncomeRatio": 0.0779537427,
    "eps": 8.03,
    "epsdiluted": 7.98,
    "weightedAverageShsOut": 2554707397,
    "weightedAverageShsOutDil": 2572182025,
    "link": "https://www.sec.gov/Archives/edgar/data/879764/000110465923036495/0001104659-23-036495-index.htm",
    "finalLink": "https://www.sec.gov/Archives/edgar/data/879764/000110465923036495/tot-20221231x20f.htm"
  },
  {
    "date": "2021-12-31",
    "symbol": "TTE",
    "reportedCurrency": "USD",
    "cik": "0000879764",
    "fillingDate": "2022-03-25",
    "acceptedDate": "2022-03-25 12:25:30",
    "calendarYear": "2021",
    "period": "FY",
    "revenue": 184634000000,
    "costOfRevenue": 132178000000,
    "grossProfit": 52456000000,
    "grossProfitRatio": 0.2841080191,
    "researchAndDevelopmentExpenses": 824000000,
    "generalAndAdministrativeExpenses": 0,
    "sellingAndMarketingExpenses": 0,
    "sellingGeneralAndAdministrativeExpenses": 632000000,
    "otherExpenses": 27634000000,
    "operatingExpenses": 27634000000,
    "costAndExpenses": 159812000000,
    "interestIncome": 379000000,
    "interestExpense": 1904000000,
    "depreciationAndAmortization": 13585000000,
    "ebitda": 37842000000,
    "ebitdaratio": 0.2049568335,
    "operatingIncome": 27857000000,
    "operatingIncomeRatio": 0.1508768699,
    "totalOtherIncomeExpensesNet": 1712000000,
    "incomeBeforeTax": 25953000000,
    "incomeBeforeTaxRatio": 0.1405645764,
    "incomeTaxExpense": 9587000000,
    "netIncome": 16032000000,
    "netIncomeRatio": 0.0868312445,
    "eps": 6.09,
    "epsdiluted": 6.06,
    "weightedAverageShsOut": 2631422625,
    "weightedAverageShsOutDil": 2647468245,
    "link": "https://www.sec.gov/Archives/edgar/data/879764/000110465922037947/0001104659-22-037947-index.htm",
    "finalLink": "https://www.sec.gov/Archives/edgar/data/879764/000110465922037947/tot-20211231x20f.htm"
  },
  {
    "date": "2020-12-31",
    "symbol": "TTE",
    "reportedCurrency": "USD",
    "cik": "0000879764",
    "fillingDate": "2021-03-31",
    "acceptedDate": "2021-03-31 06:06:13",
    "calendarYear": "2020",
    "period": "FY",
    "revenue": 119704000000,
    "costOfRevenue": 99750000000,
    "grossProfit": 19954000000,
    "grossProfitRatio": 0.1666945131,
    "researchAndDevelopmentExpenses": 895000000,
    "generalAndAdministrativeExpenses": 0,
    "sellingAndMarketingExpenses": 0,
    "sellingGeneralAndAdministrativeExpenses": 731000000,
    "otherExpenses": 26269000000,
    "operatingExpenses": 26269000000,
    "costAndExpenses": 126019000000,
    "interestIncome": 37000000,
    "interestExpense": 2147000000,
    "depreciationAndAmortization": 14262000000,
    "ebitda": 8847000000,
    "ebitdaratio": 0.0739073047,
    "operatingIncome": -4871000000,
    "operatingIncomeRatio": -0.0406920404,
    "totalOtherIncomeExpensesNet": -2147000000,
    "incomeBeforeTax": -7018000000,
    "incomeBeforeTaxRatio": -0.0586279489,
    "incomeTaxExpense": 318000000,
    "netIncome": -7336000000,
    "netIncomeRatio": -0.0612845018,
    "eps": -2.82,
    "epsdiluted": -2.82,
    "weightedAverageShsOut": 2602026749,
    "weightedAverageShsOutDil": 2602026749,
    "link": "https://www.sec.gov/Archives/edgar/data/879764/000110465921044245/0001104659-21-044245-index.htm",
    "finalLink": "https://www.sec.gov/Archives/edgar/data/879764/000110465921044245/tot-20201231x20f.htm"
  },
  {
    "date": "2019-12-31",
    "symbol": "TTE",
    "reportedCurrency": "USD",
    "cik": "0000879764",
    "fillingDate": "2020-03-20",
    "acceptedDate": "2020-03-20 14:51:46",
    "calendarYear": "2019",
    "period": "FY",
    "revenue": 176249000000,
    "costOfRevenue": 131952000000,
    "grossProfit": 44297000000,
    "grossProfitRatio": 0.2513319225,
    "researchAndDevelopmentExpenses": 968000000,
    "generalAndAdministrativeExpenses": 0,
    "sellingAndMarketingExpenses": 0,
    "sellingGeneralAndAdministrativeExpenses": 785000000,
    "otherExpenses": 28040000000,
    "operatingExpenses": 28040000000,
    "costAndExpenses": 159992000000,
    "interestIncome": 200000000,
    "interestExpense": 2352000000,
    "depreciationAndAmortization": 15716000000,
    "ebitda": 31832000000,
    "ebitdaratio": 0.1806081169,
    "operatingIncome": 19662000000,
    "operatingIncomeRatio": 0.1115580798,
    "totalOtherIncomeExpensesNet": 1958000000,
    "incomeBeforeTax": 17310000000,
    "incomeBeforeTaxRatio": 0.0982133232,
    "incomeTaxExpense": 5872000000,
    "netIncome": 11267000000,
    "netIncomeRatio": 0.0639266038,
    "eps": 4.33,
    "epsdiluted": 4.3,
    "weightedAverageShsOut": 2601621815,
    "weightedAverageShsOutDil": 2618007888,
    "link": "https://www.sec.gov/Archives/edgar/data/879764/000119312520080490/0001193125-20-080490-index.htm",
    "finalLink": "https://www.sec.gov/Archives/edgar/data/879764/000119312520080490/d862109d20f.htm"
  },
  {
    "date": "2018-12-31",
    "symbol": "TTE",
    "reportedCurrency": "USD",
    "cik": "0000879764",
    "fillingDate": "2019-03-20",
    "acceptedDate": "2019-03-20 09:44:32",
    "calendarYear": "2018",
    "period": "FY",
    "revenue": 184106000000,
    "costOfRevenue": 139808000000,
    "grossProfit": 44298000000,
    "grossProfitRatio": 0.2406113869,
    "researchAndDevelopmentExpenses": 986000000,
    "generalAndAdministrativeExpenses": 0,
    "sellingAndMarketingExpenses": 0,
    "sellingGeneralAndAdministrativeExpenses": -986000000,
    "otherExpenses": 565000000,
    "operatingExpenses": 28281000000,
    "costAndExpenses": 168089000000,
    "interestIncome": 606000000,
    "interestExpense": 1933000000,
    "depreciationAndAmortization": 12973000000,
    "ebitda": 29432000000,
    "ebitdaratio": 0.1598644259,
    "operatingIncome": 15262000000,
    "operatingIncomeRatio": 0.0828978958,
    "totalOtherIncomeExpensesNet": 2804000000,
    "incomeBeforeTax": 18066000000,
    "incomeBeforeTaxRatio": 0.0981282522,
    "incomeTaxExpense": 6516000000,
    "netIncome": 11446000000,
    "netIncomeRatio": 0.062170706,
    "eps": 4.39,
    "epsdiluted": 4.36,
    "weightedAverageShsOut": 2607456934,
    "weightedAverageShsOutDil": 2623716444,
    "link": "https://www.sec.gov/Archives/edgar/data/879764/000163462119000019/0001634621-19-000019-index.htm",
    "finalLink": "https://www.sec.gov/Archives/edgar/data/879764/000163462119000019/total-form20f.htm"
  },
  {
    "date": "2017-12-31",
    "symbol": "TTE",
    "reportedCurrency": "USD",
    "cik": "0000879764",
    "fillingDate": "2018-03-16",
    "acceptedDate": "2018-03-16 12:29:01",
    "calendarYear": "2017",
    "period": "FY",
    "revenue": 149099000000,
    "costOfRevenue": 115514000000,
    "grossProfit": 33585000000,
    "grossProfitRatio": 0.2252530198,
    "researchAndDevelopmentExpenses": 912000000,
    "generalAndAdministrativeExpenses": 0,
    "sellingAndMarketingExpenses": 0,
    "sellingGeneralAndAdministrativeExpenses": -912000000,
    "otherExpenses": 2777000000,
    "operatingExpenses": 25830000000,
    "costAndExpenses": 141344000000,
    "interestIncome": 53000000,
    "interestExpense": 1534000000,
    "depreciationAndAmortization": 12177000000,
    "ebitda": 22523000000,
    "ebitdaratio": 0.1510607046,
    "operatingIncome": 7019000000,
    "operatingIncomeRatio": 0.0470761038,
    "totalOtherIncomeExpensesNet": -572000000,
    "incomeBeforeTax": 11328000000,
    "incomeBeforeTaxRatio": 0.0759763647,
    "incomeTaxExpense": 3029000000,
    "netIncome": 8631000000,
    "netIncomeRatio": 0.0578877122,
    "eps": 3.36,
    "epsdiluted": 3.34,
    "weightedAverageShsOut": 2481802636,
    "weightedAverageShsOutDil": 2494756413,
    "link": "https://www.sec.gov/Archives/edgar/data/879764/000130817918000062/0001308179-18-000062-index.htm",
    "finalLink": "https://www.sec.gov/Archives/edgar/data/879764/000130817918000062/totalform20f.htm"
  },
  {
    "date": "2016-12-31",
    "symbol": "TTE",
    "reportedCurrency": "USD",
    "cik": "0000879764",
    "fillingDate": "2017-03-17",
    "acceptedDate": "2017-03-17 07:50:35",
    "calendarYear": "2016",
    "period": "FY",
    "revenue": 127925000000,
    "costOfRevenue": 96900000000,
    "grossProfit": 31025000000,
    "grossProfitRatio": 0.2425249169,
    "researchAndDevelopmentExpenses": 1050000000,
    "generalAndAdministrativeExpenses": 0,
    "sellingAndMarketingExpenses": 0,
    "sellingGeneralAndAdministrativeExpenses": 914000000,
    "otherExpenses": 272000000,
    "operatingExpenses": 25566000000,
    "costAndExpenses": 122466000000,
    "interestIncome": 356000000,
    "interestExpense": 1108000000,
    "depreciationAndAmortization": 12161000000,
    "ebitda": 17870000000,
    "ebitdaratio": 0.1396912253,
    "operatingIncome": 4592000000,
    "operatingIncomeRatio": 0.0358960328,
    "totalOtherIncomeExpensesNet": 2584000000,
    "incomeBeforeTax": 7176000000,
    "incomeBeforeTaxRatio": 0.0560953684,
    "incomeTaxExpense": 970000000,
    "netIncome": 6196000000,
    "netIncomeRatio": 0.0484346297,
    "eps": 2.52,
    "epsdiluted": 2.51,
    "weightedAverageShsOut": 2379182155,
    "weightedAverageShsOutDil": 2389713936,
    "link": "https://www.sec.gov/Archives/edgar/data/879764/000119312517086269/0001193125-17-086269-index.htm",
    "finalLink": "https://www.sec.gov/Archives/edgar/data/879764/000119312517086269/d295766d20f.htm"
  },
  {
    "date": "2015-12-31",
    "symbol": "TTE",
    "reportedCurrency": "USD",
    "cik": "0000879764",
    "fillingDate": "2016-03-16",
    "acceptedDate": "2016-03-16 09:40:41",
    "calendarYear": "2015",
    "period": "FY",
    "revenue": 143421000000,
    "costOfRevenue": 114391000000,
    "grossProfit": 29030000000,
    "grossProfitRatio": 0.2024110835,
    "researchAndDevelopmentExpenses": 1068000000,
    "generalAndAdministrativeExpenses": 0,
    "sellingAndMarketingExpenses": 0,
    "sellingGeneralAndAdministrativeExpenses": 1550000000,
    "otherExpenses": 2029000000,
    "operatingExpenses": 26336000000,
    "costAndExpenses": 140727000000,
    "interestIncome": 204000000,
    "interestExpense": 967000000,
    "depreciationAndAmortization": 19334000000,
    "ebitda": 26740000000,
    "ebitdaratio": 0.1864441051,
    "operatingIncome": 1849000000,
    "operatingIncomeRatio": 0.0128921148,
    "totalOtherIncomeExpensesNet": 4590000000,
    "incomeBeforeTax": 6439000000,
    "incomeBeforeTaxRatio": 0.0448957963,
    "incomeTaxExpense": 1653000000,
    "netIncome": 5087000000,
    "netIncomeRatio": 0.0354690038,
    "eps": 2.17,
    "epsdiluted": 2.16,
    "weightedAverageShsOut": 2295037940,
    "weightedAverageShsOutDil": 2304435542,
    "link": "https://www.sec.gov/Archives/edgar/data/879764/000119312516506029/0001193125-16-506029-index.htm",
    "finalLink": "https://www.sec.gov/Archives/edgar/data/879764/000119312516506029/d83747d20f.htm"
  }
]