[
  {
    "date": "2024-12-31",
    "symbol": "TTE",
    "reportedCurrency": "USD",
    "cik": "0000879764",
    "fillingDate": "2025-03-31",
    "acceptedDate": "2025-03-31 12:43:38",
    "calendarYear": "2024",
    "period": "Q4",
    "revenue": 47115000000,
    "costOfRevenue": 40518000000,
    "grossProfit": 6597000000,
    "grossProfitRatio": 0.1400191022,
    "researchAndDevelopmentExpenses": 0,
    "generalAndAdministrativeExpenses": 0,
    "sellingAndMarketingExpenses": 0,
    "sellingGeneralAndAdministrativeExpenses": 0,
    "otherExpenses": 0,
    "operatingExpenses": 0,
    "costAndExpenses": -40518000000,
    "interestIncome": 449000000,
    "interestExpense": 979000000,
    "depreciationAndAmortization": 2715000000,
    "ebitda": 10045000000,
    "ebitdaratio": 0.2132017404,
    "operatingIncome": 6597000000,
    "operatingIncomeRatio": 0.1400191022,
    "totalOtherIncomeExpensesNet": -246000000,
    "incomeBeforeTax": 6351000000,
    "incomeBeforeTaxRatio": 0.1347978351,
    "incomeTaxExpense": 2929000000,
    "netIncome": 3956000000,
    "netIncomeRatio": 0.0839647671,
    "eps": 1.73,
    "epsdiluted": 1.73,
    "weightedAverageShsOut": 2280542633,
    "weightedAverageShsOutDil": 2282000000,
    "link": "https://www.sec.gov/Archives/edgar/data/879764/000110465925029751/0001104659-25-029751-index.htm",
    "finalLink": "https://www.sec.gov/Archives/edgar/data/879764/000110465925029751/tot-20241231x20f.htm"
  },
  {
    "date": "2024-09-30",
    "symbol": "TTE",
    "reportedCurrency": "USD",
    "cik": "0000879764",
    "fillingDate": "2024-10-31",
    "acceptedDate": "2024-10-31 07:00:31",
    "calendarYear": "2024",
    "period": "Q3",
    "revenue": 47429000000,
    "costOfRevenue": 34817000000,
    "grossProfit": 12612000000,
    "grossProfitRatio": 0.2659132598,
    "researchAndDevelopmentExpenses": 0,
    "generalAndAdministrativeExpenses": 0,
    "sellingAndMarketingExpenses": 0,
    "sellingGeneralAndAdministrativeExpenses": 12612000000,
    "otherExpenses": 0,
    "operatingExpenses": 12612000000,
    "costAndExpenses": 42648000000,
    "interestIncome": 457000000,
    "interestExpense": 797000000,
    "depreciationAndAmortization": 4020000000,
    "ebitda": 9357000000,
    "ebitdaratio": 0.1972843619,
    "operatingIncome": 4781000000,
    "operatingIncomeRatio": 0.100803306,
    "totalOtherIncomeExpensesNet": -241000000,
    "incomeBeforeTax": 4540000000,
    "incomeBeforeTaxRatio": 0.0957220266,
    "incomeTaxExpense": 2179000000,
    "netIncome": 2294000000,
    "netIncomeRatio": 0.0483670328,
    "eps": 1.01,
    "epsdiluted": 0.97,
    "weightedAverageShsOut": 2280542633,
    "weightedAverageShsOutDil": 2364948454,
    "link": "https://www.sec.gov/Archives/edgar/data/879764/000110465924112845/0001104659-24-112845-index.htm",
    "finalLink": "https://www.sec.gov/Archives/edgar/data/879764/000110465924112845/tm2426879d2_ex99-1.htm"
  },
  {
    "date": "2024-06-30",
    "symbol": "TTE",
    "reportedCurrency": "USD",
    "cik": "0000879764",
    "fillingDate": "2024-07-25",
    "acceptedDate": "2024-07-25 06:01:16",
    "calendarYear": "2024",
    "period": "Q2",
    "revenue": 49183000000,
    "costOfRevenue": 42908000000,
    "grossProfit": 6275000000,
    "grossProfitRatio": 0.1275847346,
    "researchAndDevelopmentExpenses": 0,
    "generalAndAdministrativeExpenses": 0,
    "sellingAndMarketingExpenses": 0,
    "sellingGeneralAndAdministrativeExpenses": 97000000,
    "otherExpenses": -248000000,
    "operatingExpenses": 10177000000,
    "costAndExpenses": 42919000000,
    "interestIncome": 408000000,
    "interestExpense": 938000000,
    "depreciationAndAmortization": 2976000000,
    "ebitda": 9859000000,
    "ebitdaratio": 0.2004554419,
    "operatingIncome": 6275000000,
    "operatingIncomeRatio": 0.1275847346,
    "totalOtherIncomeExpensesNet": 297000000,
    "incomeBeforeTax": 5945000000,
    "incomeBeforeTaxRatio": 0.1208750991,
    "incomeTaxExpense": 2725000000,
    "netIncome": 3787000000,
    "netIncomeRatio": 0.0769981498,
    "eps": 1.6,
    "epsdiluted": 1.63,
    "weightedAverageShsOut": 2364049586,
    "weightedAverageShsOutDil": 2328000000,
    "link": "https://www.sec.gov/Archives/edgar/data/879764/000110465924082449/0001104659-24-082449-index.htm",
    "finalLink": "https://www.sec.gov/Archives/edgar/data/879764/000110465924082449/tot-20240630xex99d1.htm"
  },
  {
    "date": "2024-03-31",
    "symbol": "TTE",
    "reportedCurrency": "USD",
    "cik": "0000879764",
    "fillingDate": "2024-03-31",
    "acceptedDate": "2024-03-31 00:00:00",
    "calendarYear": "2024",
    "period": "Q1",
    "revenue": 51883000000,
    "costOfRevenue": 44453000000,
    "grossProfit": 7430000000,
    "grossProfitRatio": 0.1432068308,
    "researchAndDevelopmentExpenses": 0,
    "generalAndAdministrativeExpenses": 0,
    "sellingAndMarketingExpenses": 0,
    "sellingGeneralAndAdministrativeExpenses": 88000000,
    "otherExpenses": 1443000000,
    "operatingExpenses": 7731000000,
    "costAndExpenses": 44453000000,
    "interestIncome": 472000000,
    "interestExpense": 708000000,
    "depreciationAndAmortization": 2942000000,
    "ebitda": 12593000000,
    "ebitdaratio": 0.2427191951,
    "operatingIncome": 7430000000,
    "operatingIncomeRatio": 0.1432068308,
    "totalOtherIncomeExpensesNet": 1316000000,
    "incomeBeforeTax": 8728000000,
    "incomeBeforeTaxRatio": 0.1682246593,
    "incomeTaxExpense": 2942000000,
    "netIncome": 5721000000,
    "netIncomeRatio": 0.1102673323,
    "eps": 2.42,
    "epsdiluted": 2.42,
    "weightedAverageShsOut": 2364049586,
    "weightedAverageShsOutDil": 2364049586,
    "link": null,
    "finalLink": null
  },
  {
    "date": "2023-12-31",
    "symbol": "TTE",
    "reportedCurrency": "USD",
    "cik": "0000879764",
    "fillingDate": "2024-03-29",
    "acceptedDate": "2024-03-29 11:06:40",
    "calendarYear": "2023",
    "period": "Q4",
    "revenue": 54765000000,
    "costOfRevenue": 48029000000,
    "grossProfit": 6736000000,
    "grossProfitRatio": 0.1229982653,
    "researchAndDevelopmentExpenses": 774000000,
    "generalAndAdministrativeExpenses": 0,
    "sellingAndMarketingExpenses": 0,
    "sellingGeneralAndAdministrativeExpenses": 174000000,
    "otherExpenses": 356000000,
    "operatingExpenses": 9517000000,
    "costAndExpenses": 48029000000,
    "interestIncome": 439000000,
    "interestExpense": 849000000,
    "depreciationAndAmortization": 3539000000,
    "ebitda": 12900000000,
    "ebitdaratio": 0.2355519036,
    "operatingIncome": 6736000000,
    "operatingIncomeRatio": 0.1229982653,
    "totalOtherIncomeExpensesNet": 1640000000,
    "incomeBeforeTax": 8512000000,
    "incomeBeforeTaxRatio": 0.1554277367,
    "incomeTaxExpense": 3339000000,
    "netIncome": 5063000000,
    "netIncomeRatio": 0.0924495572,
    "eps": 2.15,
    "epsdiluted": 2.12,
    "weightedAverageShsOut": 2351708622,
    "weightedAverageShsOutDil": 2387000000,
    "link": "https://www.sec.gov/Archives/edgar/data/879764/000110465924040994/0001104659-24-040994-index.htm",
    "finalLink": "https://www.sec.gov/Archives/edgar/data/879764/000110465924040994/tot-20231231x20f.htm"
  },
  {
    "date": "2023-09-30",
    "symbol": "TTE",
    "reportedCurrency": "USD",
    "cik": "0000879764",
    "fillingDate": "2023-09-30",
    "acceptedDate": "2023-09-30 00:00:00",
    "calendarYear": "2023",
    "period": "Q3",
    "revenue": 54413000000,
    "costOfRevenue": 36731000000,
    "grossProfit": 17682000000,
    "grossProfitRatio": 0.324959109,
    "researchAndDevelopmentExpenses": 0,
    "generalAndAdministrativeExpenses": 0,
    "sellingAndMarketingExpenses": 0,
    "sellingGeneralAndAdministrativeExpenses": 245000000,
    "otherExpenses": -393000000,
    "operatingExpenses": 7807000000,
    "costAndExpenses": 44538000000,
    "interestIncome": 459000000,
    "interestExpense": 726000000,
    "depreciationAndAmortization": 3055000000,
    "ebitda": 13307000000,
    "ebitdaratio": 0.244555529,
    "operatingIncome": 10820000000,
    "operatingIncomeRatio": 0.1988495396,
    "totalOtherIncomeExpensesNet": 449000000,
    "incomeBeforeTax": 10094000000,
    "incomeBeforeTaxRatio": 0.1855071398,
    "incomeTaxExpense": 3404000000,
    "netIncome": 6676000000,
    "netIncomeRatio": 0.1226912686,
    "eps": 2.79,
    "epsdiluted": 2.76,
    "weightedAverageShsOut": 2395897416,
    "weightedAverageShsOutDil": 2423000000,
    "link": null,
    "finalLink": null
  },
  {
    "date": "2023-06-30",
    "symbol": "TTE",
    "reportedCurrency": "USD",
    "cik": "0000879764",
    "fillingDate": "2023-07-27",
    "acceptedDate": "2023-07-27 13:31:22",
    "calendarYear": "2023",
    "period": "Q2",
    "revenue": 51534000000,
    "costOfRevenue": 36970000000,
    "grossProfit": 14564000000,
    "grossProfitRatio": 0.2826095393,
    "researchAndDevelopmentExpenses": 0,
    "generalAndAdministrativeExpenses": 0,
    "sellingAndMarketingExpenses": 0,
    "sellingGeneralAndAdministrativeExpenses": 62000000,
    "otherExpenses": -250000000,
    "operatingExpenses": 7968000000,
    "costAndExpenses": 44938000000,
    "interestIncome": 510000000,
    "interestExpense": 724000000,
    "depreciationAndAmortization": 3106000000,
    "ebitda": 10375000000,
    "ebitdaratio": 0.2013233981,
    "operatingIncome": 7363000000,
    "operatingIncomeRatio": 0.1428765475,
    "totalOtherIncomeExpensesNet": 43000000,
    "incomeBeforeTax": 6639000000,
    "incomeBeforeTaxRatio": 0.1288275701,
    "incomeTaxExpense": 2487000000,
    "netIncome": 4088000000,
    "netIncomeRatio": 0.07932627,
    "eps": 1.68,
    "epsdiluted": 1.67,
    "weightedAverageShsOut": 2429759177,
    "weightedAverageShsOutDil": 2448000000,
    "link": "https://www.sec.gov/Archives/edgar/data/879764/000110465923084695/0001104659-23-084695-index.htm",
    "finalLink": "https://www.sec.gov/Archives/edgar/data/879764/000110465923084695/tot-20230727xex99d1.htm"
  },
  {
    "date": "2023-03-31",
    "symbol": "TTE",
    "reportedCurrency": "USD",
    "cik": "0000879764",
    "fillingDate": "2023-03-31",
    "acceptedDate": "2023-03-31 00:00:00",
    "calendarYear": "2023",
    "period": "Q1",
    "revenue": 58233000000,
    "costOfRevenue": 41413000000,
    "grossProfit": 16820000000,
    "grossProfitRatio": 0.2888396614,
    "researchAndDevelopmentExpenses": 0,
    "generalAndAdministrativeExpenses": 0,
    "sellingAndMarketingExpenses": 0,
    "sellingGeneralAndAdministrativeExpenses": 94000000,
    "otherExpenses": 7877000000,
    "operatingExpenses": 7877000000,
    "costAndExpenses": 49290000000,
    "interestIncome": 393000000,
    "interestExpense": 710000000,
    "depreciationAndAmortization": 3062000000,
    "ebitda": 12697000000,
    "ebitdaratio": 0.2180378823,
    "operatingIncome": 10412000000,
    "operatingIncomeRatio": 0.1787989628,
    "totalOtherIncomeExpensesNet": 759000000,
    "incomeBeforeTax": 9702000000,
    "incomeBeforeTaxRatio": 0.1666065633,
    "incomeTaxExpense": 4071000000,
    "netIncome": 5557000000,
    "netIncomeRatio": 0.0954269916,
    "eps": 2.26,
    "epsdiluted": 2.24,
    "weightedAverageShsOut": 2454547144,
    "weightedAverageShsOutDil": 2479000000,
    "link": null,
    "finalLink": null
  },
  {
    "date": "2022-12-31",
    "symbol": "TTE",
    "reportedCurrency": "USD",
    "cik": "0000879764",
    "fillingDate": "2023-03-24",
    "acceptedDate": "2023-03-24 12:13:13",
    "calendarYear": "2022",
    "period": "Q4",
    "revenue": 63953000000,
    "costOfRevenue": 44060000000,
    "grossProfit": 19893000000,
    "grossProfitRatio": 0.3110565572,
    "researchAndDevelopmentExpenses": 762000000,
    "generalAndAdministrativeExpenses": 0,
    "sellingAndMarketingExpenses": 0,
    "sellingGeneralAndAdministrativeExpenses": 250000000,
    "otherExpenses": 7604000000,
    "operatingExpenses": 7604000000,
    "costAndExpenses": 51664000000,
    "interestIncome": 357000000,
    "interestExpense": 719000000,
    "depreciationAndAmortization": 2505000000,
    "ebitda": 13173000000,
    "ebitdaratio": 0.2059793911,
    "operatingIncome": 10237000000,
    "operatingIncomeRatio": 0.1600706769,
    "totalOtherIncomeExpensesNet": -2771000000,
    "incomeBeforeTax": 9518000000,
    "incomeBeforeTaxRatio": 0.1488280456,
    "incomeTaxExpense": 6077000000,
    "netIncome": 3264000000,
    "netIncomeRatio": 0.0510374806,
    "eps": 1.32,
    "epsdiluted": 1.29,
    "weightedAverageShsOut": 2481943618,
    "weightedAverageShsOutDil": 2522000000,
    "link": "https://www.sec.gov/Archives/edgar/data/879764/000110465923036495/0001104659-23-036495-index.htm",
    "finalLink": "https://www.sec.gov/Archives/edgar/data/879764/000110465923036495/tot-20221231x20f.htm"
  },
  {
    "date": "2022-09-30",
    "symbol": "TTE",
    "reportedCurrency": "USD",
    "cik": "0000879764",
    "fillingDate": "2022-09-30",
    "acceptedDate": "2022-09-29 20:00:00",
    "calendarYear": "2022",
    "period": "Q3",
    "revenue": 64962000000,
    "costOfRevenue": 45737000000,
    "grossProfit": 19225000000,
    "grossProfitRatio": 0.2959422432,
    "researchAndDevelopmentExpenses": 0,
    "generalAndAdministrativeExpenses": 0,
    "sellingAndMarketingExpenses": 0,
    "sellingGeneralAndAdministrativeExpenses": 71000000,
    "otherExpenses": 6842000000,
    "operatingExpenses": 6842000000,
    "costAndExpenses": 52579000000,
    "interestIncome": 327000000,
    "interestExpense": 633000000,
    "depreciationAndAmortization": 2935000000,
    "ebitda": 16613000000,
    "ebitdaratio": 0.2557341215,
    "operatingIncome": 13458000000,
    "operatingIncomeRatio": 0.207167267,
    "totalOtherIncomeExpensesNet": 442000000,
    "incomeBeforeTax": 12825000000,
    "incomeBeforeTaxRatio": 0.1974231089,
    "incomeTaxExpense": 6077000000,
    "netIncome": 6626000000,
    "netIncomeRatio": 0.1019980912,
    "eps": 2.62,
    "epsdiluted": 2.58,
    "weightedAverageShsOut": 2524773504,
    "weightedAverageShsOutDil": 2568217054,
    "link": "",
    "finalLink": ""
  },
  {
    "date": "2022-06-30",
    "symbol": "TTE",
    "reportedCurrency": "USD",
    "cik": "0000879764",
    "fillingDate": "2022-07-28",
    "acceptedDate": "2022-07-28 08:09:16",
    "calendarYear": "2022",
    "period": "Q2",
    "revenue": 70445000000,
    "costOfRevenue": 48545000000,
    "grossProfit": 21900000000,
    "grossProfitRatio": 0.310880829,
    "researchAndDevelopmentExpenses": 0,
    "generalAndAdministrativeExpenses": 0,
    "sellingAndMarketingExpenses": 0,
    "sellingGeneralAndAdministrativeExpenses": 117000000,
    "otherExpenses": 8158000000,
    "operatingExpenses": 8158000000,
    "costAndExpenses": 56703000000,
    "interestIncome": 245000000,
    "interestExpense": 572000000,
    "depreciationAndAmortization": 3102000000,
    "ebitda": 16444000000,
    "ebitdaratio": 0.2334303357,
    "operatingIncome": 11660000000,
    "operatingIncomeRatio": 0.1655191994,
    "totalOtherIncomeExpensesNet": -2654000000,
    "incomeBeforeTax": 11088000000,
    "incomeBeforeTaxRatio": 0.1573993896,
    "incomeTaxExpense": 5284000000,
    "netIncome": 5692000000,
    "netIncomeRatio": 0.0808006246,
    "eps": 2.22,
    "epsdiluted": 2.18,
    "weightedAverageShsOut": 2563665368,
    "weightedAverageShsOutDil": 2611009174,
    "link": "https://www.sec.gov/Archives/edgar/data/879764/000110465922083444/0001104659-22-083444-index.htm",
    "finalLink": "https://www.sec.gov/Archives/edgar/data/879764/000110465922083444/tot-20220630xex99d1.htm"
  },
  {
    "date": "2022-03-31",
    "symbol": "TTE",
    "reportedCurrency": "USD",
    "cik": "0000879764",
    "fillingDate": "2022-03-31",
    "acceptedDate": "2022-03-31 00:00:00",
    "calendarYear": "2022",
    "period": "Q1",
    "revenue": 63950000000,
    "costOfRevenue": 43327000000,
    "grossProfit": 20623000000,
    "grossProfitRatio": 0.3224863174,
    "researchAndDevelopmentExpenses": 0,
    "generalAndAdministrativeExpenses": 0,
    "sellingAndMarketingExpenses": 0,
    "sellingGeneralAndAdministrativeExpenses": 136000000,
    "otherExpenses": 8484000000,
    "operatingExpenses": 8484000000,
    "costAndExpenses": 51811000000,
    "interestIncome": 214000000,
    "interestExpense": 462000000,
    "depreciationAndAmortization": 3679000000,
    "ebitda": 14088000000,
    "ebitdaratio": 0.2202971071,
    "operatingIncome": 10317000000,
    "operatingIncomeRatio": 0.1613291634,
    "totalOtherIncomeExpensesNet": -2284000000,
    "incomeBeforeTax": 9855000000,
    "incomeBeforeTaxRatio": 0.1541047694,
    "incomeTaxExpense": 4804000000,
    "netIncome": 4944000000,
    "netIncomeRatio": 0.0773103987,
    "eps": 1.91,
    "epsdiluted": 1.87,
    "weightedAverageShsOut": 2590378144,
    "weightedAverageShsOutDil": 2643850267,
    "link": null,
    "finalLink": null
  },
  {
    "date": "2021-12-31",
    "symbol": "TTE",
    "reportedCurrency": "USD",
    "cik": "0000879764",
    "fillingDate": "2022-03-25",
    "acceptedDate": "2022-03-25 12:25:30",
    "calendarYear": "2021",
    "period": "Q4",
    "revenue": 55298000000,
    "costOfRevenue": 40080000000,
    "grossProfit": 15218000000,
    "grossProfitRatio": 0.2751998264,
    "researchAndDevelopmentExpenses": 824000000,
    "generalAndAdministrativeExpenses": 0,
    "sellingAndMarketingExpenses": 0,
    "sellingGeneralAndAdministrativeExpenses": 215000000,
    "otherExpenses": -219000000,
    "operatingExpenses": 7003000000,
    "costAndExpenses": 47083000000,
    "interestIncome": 120000000,
    "interestExpense": 483000000,
    "depreciationAndAmortization": 3919000000,
    "ebitda": 12230000000,
    "ebitdaratio": 0.2211653224,
    "operatingIncome": 9967000000,
    "operatingIncomeRatio": 0.1802416001,
    "totalOtherIncomeExpensesNet": 1335000000,
    "incomeBeforeTax": 9550000000,
    "incomeBeforeTaxRatio": 0.1727006402,
    "incomeTaxExpense": 3647000000,
    "netIncome": 5837000000,
    "netIncomeRatio": 0.1055553546,
    "eps": 2.19,
    "epsdiluted": 2.17,
    "weightedAverageShsOut": 2606588225,
    "weightedAverageShsOutDil": 2665296804,
    "link": "https://www.sec.gov/Archives/edgar/data/879764/000110465922037947/0001104659-22-037947-index.htm",
    "finalLink": "https://www.sec.gov/Archives/edgar/data/879764/000110465922037947/tot-20211231x20f.htm"
  },
  {
    "date": "2021-09-30",
    "symbol": "TTE",
    "reportedCurrency": "USD",
    "cik": "0000879764",
    "fillingDate": "2021-09-30",
    "acceptedDate": "2021-09-29 20:00:00",
    "calendarYear": "2021",
    "period": "Q3",
    "revenue": 49070000000,
    "costOfRevenue": 35535000000,
    "grossProfit": 13535000000,
    "grossProfitRatio": 0.2758304463,
    "researchAndDevelopmentExpenses": 0,
    "generalAndAdministrativeExpenses": 0,
    "sellingAndMarketingExpenses": 0,
    "sellingGeneralAndAdministrativeExpenses": 127000000,
    "otherExpenses": -410000000,
    "operatingExpenses": 6744000000,
    "costAndExpenses": 42279000000,
    "interestIncome": 87000000,
    "interestExpense": 454000000,
    "depreciationAndAmortization": 3144000000,
    "ebitda": 9805000000,
    "ebitdaratio": 0.1998165885,
    "operatingIncome": 6791000000,
    "operatingIncomeRatio": 0.1383941308,
    "totalOtherIncomeExpensesNet": 653000000,
    "incomeBeforeTax": 7444000000,
    "incomeBeforeTaxRatio": 0.1517016507,
    "incomeTaxExpense": 2692000000,
    "netIncome": 4645000000,
    "netIncomeRatio": 0.0946606888,
    "eps": 1.72,
    "epsdiluted": 1.71,
    "weightedAverageShsOut": 2640255919,
    "weightedAverageShsOutDil": 2700581395,
    "link": "",
    "finalLink": ""
  },
  {
    "date": "2021-06-30",
    "symbol": "TTE",
    "reportedCurrency": "USD",
    "cik": "0000879764",
    "fillingDate": "2021-07-29",
    "acceptedDate": "2021-07-29 15:18:04",
    "calendarYear": "2021",
    "period": "Q2",
    "revenue": 41633000000,
    "costOfRevenue": 29840000000,
    "grossProfit": 11793000000,
    "grossProfitRatio": 0.2832608748,
    "researchAndDevelopmentExpenses": 0,
    "generalAndAdministrativeExpenses": 0,
    "sellingAndMarketingExpenses": 0,
    "sellingGeneralAndAdministrativeExpenses": 123000000,
    "otherExpenses": -75000000,
    "operatingExpenses": 6840000000,
    "costAndExpenses": 36680000000,
    "interestIncome": 77000000,
    "interestExpense": 501000000,
    "depreciationAndAmortization": 3072000000,
    "ebitda": 8292000000,
    "ebitdaratio": 0.1991689285,
    "operatingIncome": 4409000000,
    "operatingIncomeRatio": 0.1059015685,
    "totalOtherIncomeExpensesNet": -1045000000,
    "incomeBeforeTax": 3908000000,
    "incomeBeforeTaxRatio": 0.0938678452,
    "incomeTaxExpense": 1609000000,
    "netIncome": 2206000000,
    "netIncomeRatio": 0.0529868133,
    "eps": 0.8,
    "epsdiluted": 0.8,
    "weightedAverageShsOut": 2640254904,
    "weightedAverageShsOutDil": 2757500000,
    "link": "https://www.sec.gov/Archives/edgar/data/879764/000110465921097520/0001104659-21-097520-index.htm",
    "finalLink": "https://www.sec.gov/Archives/edgar/data/879764/000110465921097520/tot-20210729xex991.htm"
  },
  {
    "date": "2021-03-31",
    "symbol": "TTE",
    "reportedCurrency": "USD",
    "cik": "0000879764",
    "fillingDate": "2021-03-31",
    "acceptedDate": "2021-03-31 00:00:00",
    "calendarYear": "2021",
    "period": "Q1",
    "revenue": 38633000000,
    "costOfRevenue": 26723000000,
    "grossProfit": 11910000000,
    "grossProfitRatio": 0.3082856625,
    "researchAndDevelopmentExpenses": 0,
    "generalAndAdministrativeExpenses": 0,
    "sellingAndMarketingExpenses": 0,
    "sellingGeneralAndAdministrativeExpenses": 167000000,
    "otherExpenses": -301000000,
    "operatingExpenses": 7047000000,
    "costAndExpenses": 33770000000,
    "interestIncome": 95000000,
    "interestExpense": 466000000,
    "depreciationAndAmortization": 3325000000,
    "ebitda": 8091000000,
    "ebitdaratio": 0.2094323506,
    "operatingIncome": 5517000000,
    "operatingIncomeRatio": 0.1428053736,
    "totalOtherIncomeExpensesNet": 188000000,
    "incomeBeforeTax": 5051000000,
    "incomeBeforeTaxRatio": 0.1307431471,
    "incomeTaxExpense": 1639000000,
    "netIncome": 3344000000,
    "netIncomeRatio": 0.0865581239,
    "eps": 1.24,
    "epsdiluted": 1.23,
    "weightedAverageShsOut": 2629664726,
    "weightedAverageShsOutDil": 2696774194,
    "link": null,
    "finalLink": null
  },
  {
    "date": "2020-12-31",
    "symbol": "TTE",
    "reportedCurrency": "USD",
    "cik": "0000879764",
    "fillingDate": "2021-03-31",
    "acceptedDate": "2021-03-31 06:06:13",
    "calendarYear": "2020",
    "period": "Q4",
    "revenue": 32348000000,
    "costOfRevenue": 24051000000,
    "grossProfit": 8297000000,
    "grossProfitRatio": 0.2564919006,
    "researchAndDevelopmentExpenses": 895000000,
    "generalAndAdministrativeExpenses": 0,
    "sellingAndMarketingExpenses": 0,
    "sellingGeneralAndAdministrativeExpenses": 338000000,
    "otherExpenses": 141000000,
    "operatingExpenses": 7001000000,
    "costAndExpenses": 31052000000,
    "interestIncome": 53000000,
    "interestExpense": 501000000,
    "depreciationAndAmortization": 3796000000,
    "ebitda": 5135000000,
    "ebitdaratio": 0.1587424261,
    "operatingIncome": 1296000000,
    "operatingIncomeRatio": 0.0400643007,
    "totalOtherIncomeExpensesNet": -244000000,
    "incomeBeforeTax": 1052000000,
    "incomeBeforeTaxRatio": 0.0325213305,
    "incomeTaxExpense": 149000000,
    "netIncome": 891000000,
    "netIncomeRatio": 0.0275442068,
    "eps": 0.31,
    "epsdiluted": 0.31,
    "weightedAverageShsOut": 2874193548,
    "weightedAverageShsOutDil": 2874193548,
    "link": "https://www.sec.gov/Archives/edgar/data/879764/000110465921044245/0001104659-21-044245-index.htm",
    "finalLink": "https://www.sec.gov/Archives/edgar/data/879764/000110465921044245/tot-20201231x20f.htm"
  },
  {
    "date": "2020-09-30",
    "symbol": "TTE",
    "reportedCurrency": "USD",
    "cik": "0000879764",
    "fillingDate": "2020-09-30",
    "acceptedDate": "2020-09-29 20:00:00",
    "calendarYear": "2020",
    "period": "Q3",
    "revenue": 27217000000,
    "costOfRevenue": 20378000000,
    "grossProfit": 6839000000,
    "grossProfitRatio": 0.2512767755,
    "researchAndDevelopmentExpenses": 0,
    "generalAndAdministrativeExpenses": 0,
    "sellingAndMarketingExpenses": 0,
    "sellingGeneralAndAdministrativeExpenses": 139000000,
    "otherExpenses": 176000000,
    "operatingExpenses": 5749000000,
    "costAndExpenses": 26127000000,
    "interestIncome": 89000000,
    "interestExpense": 458000000,
    "depreciationAndAmortization": 3634000000,
    "ebitda": 5052000000,
    "ebitdaratio": 0.1856192821,
    "operatingIncome": 1090000000,
    "operatingIncomeRatio": 0.0400484991,
    "totalOtherIncomeExpensesNet": -548000000,
    "incomeBeforeTax": 871000000,
    "incomeBeforeTaxRatio": 0.0320020575,
    "incomeTaxExpense": 690000000,
    "netIncome": 202000000,
    "netIncomeRatio": 0.0074218319,
    "eps": 0.0768,
    "epsdiluted": 0.0766,
    "weightedAverageShsOut": 2628711249,
    "weightedAverageShsOutDil": 2637000000,
    "link": "",
    "finalLink": ""
  },
  {
    "date": "2020-06-30",
    "symbol": "TTE",
    "reportedCurrency": "USD",
    "cik": "0000879764",
    "fillingDate": "2020-06-30",
    "acceptedDate": "2020-06-30 00:00:00",
    "calendarYear": "2020",
    "period": "Q2",
    "revenue": 21562000000,
    "costOfRevenue": 23618000000,
    "grossProfit": -2056000000,
    "grossProfitRatio": -0.0953529357,
    "researchAndDevelopmentExpenses": 0,
    "generalAndAdministrativeExpenses": 0,
    "sellingAndMarketingExpenses": 0,
    "sellingGeneralAndAdministrativeExpenses": 114000000,
    "otherExpenses": 254000000,
    "operatingExpenses": 6435000000,
    "costAndExpenses": 30053000000,
    "interestIncome": 50000000,
    "interestExpense": 480000000,
    "depreciationAndAmortization": 11701000000,
    "ebitda": 3325000000,
    "ebitdaratio": 0.1542064744,
    "operatingIncome": -8426000000,
    "operatingIncomeRatio": -0.3907800761,
    "totalOtherIncomeExpensesNet": -480000000,
    "incomeBeforeTax": -8906000000,
    "incomeBeforeTaxRatio": -0.4130414618,
    "incomeTaxExpense": -484000000,
    "netIncome": -8369000000,
    "netIncomeRatio": -0.3881365365,
    "eps": -3.27,
    "epsdiluted": -3.22,
    "weightedAverageShsOut": 2559327217,
    "weightedAverageShsOutDil": 2598000000,
    "link": null,
    "finalLink": null
  },
  {
    "date": "2020-03-31",
    "symbol": "TTE",
    "reportedCurrency": "USD",
    "cik": "0000879764",
    "fillingDate": "2020-03-31",
    "acceptedDate": "2020-03-31 00:00:00",
    "calendarYear": "2020",
    "period": "Q1",
    "revenue": 38577000000,
    "costOfRevenue": 31703000000,
    "grossProfit": 6874000000,
    "grossProfitRatio": 0.1781890764,
    "researchAndDevelopmentExpenses": 0,
    "generalAndAdministrativeExpenses": 0,
    "sellingAndMarketingExpenses": 0,
    "sellingGeneralAndAdministrativeExpenses": 140000000,
    "otherExpenses": 160000000,
    "operatingExpenses": 7084000000,
    "costAndExpenses": 38787000000,
    "interestIncome": 7000000,
    "interestExpense": 724000000,
    "depreciationAndAmortization": 3730000000,
    "ebitda": 4419000000,
    "ebitdaratio": 0.1145501205,
    "operatingIncome": 689000000,
    "operatingIncomeRatio": 0.0178603831,
    "totalOtherIncomeExpensesNet": 175000000,
    "incomeBeforeTax": -35000000,
    "incomeBeforeTaxRatio": -0.0009072764,
    "incomeTaxExpense": -37000000,
    "netIncome": 34000000,
    "netIncomeRatio": 0.0008813542,
    "eps": 0.01,
    "epsdiluted": 0.01,
    "weightedAverageShsOut": 2573173827,
    "weightedAverageShsOutDil": 2601000000,
    "link": null,
    "finalLink": null
  }
]