[
  {
    "date": "2024-12-31",
    "symbol": "SHEL",
    "reportedCurrency": "USD",
    "cik": "0001306965",
    "fillingDate": "2025-03-25",
    "acceptedDate": "2025-03-25 07:05:54",
    "calendarYear": "2024",
    "period": "Q4",
    "revenue": 66281000000,
    "costOfRevenue": 49449000000,
    "grossProfit": 16832000000,
    "grossProfitRatio": 0.2539490955,
    "researchAndDevelopmentExpenses": 331000000,
    "generalAndAdministrativeExpenses": 3231000000,
    "sellingAndMarketingExpenses": 0,
    "sellingGeneralAndAdministrativeExpenses": 3231000000,
    "otherExpenses": 0,
    "operatingExpenses": 3774000000,
    "costAndExpenses": 53223000000,
    "interestIncome": 573000000,
    "interestExpense": 1213000000,
    "depreciationAndAmortization": 6478000000,
    "ebitda": 13057000000,
    "ebitdaratio": 0.1969946138,
    "operatingIncome": 13057000000,
    "operatingIncomeRatio": 0.1969946138,
    "totalOtherIncomeExpensesNet": -8852000000,
    "incomeBeforeTax": 4205000000,
    "incomeBeforeTaxRatio": 0.063442012,
    "incomeTaxExpense": 3164000000,
    "netIncome": 928000000,
    "netIncomeRatio": 0.0140009958,
    "eps": 0.3,
    "epsdiluted": 0.3,
    "weightedAverageShsOut": 6186666666,
    "weightedAverageShsOutDil": 6213900000,
    "link": "https://www.sec.gov/Archives/edgar/data/1306965/000130696525000007/0001306965-25-000007-index.htm",
    "finalLink": "https://www.sec.gov/Archives/edgar/data/1306965/000130696525000007/shel-20241231.htm"
  },
  {
    "date": "2024-09-30",
    "symbol": "SHEL",
    "reportedCurrency": "USD",
    "cik": "0001306965",
    "fillingDate": "2024-09-30",
    "acceptedDate": "2024-09-30 00:00:00",
    "calendarYear": "2024",
    "period": "Q3",
    "revenue": 71089000000,
    "costOfRevenue": 59941000000,
    "grossProfit": 11148000000,
    "grossProfitRatio": 0.1568175104,
    "researchAndDevelopmentExpenses": 294000000,
    "generalAndAdministrativeExpenses": 3139000000,
    "sellingAndMarketingExpenses": 0,
    "sellingGeneralAndAdministrativeExpenses": 3139000000,
    "otherExpenses": 305000000,
    "operatingExpenses": 3738000000,
    "costAndExpenses": 57951000000,
    "interestIncome": 778000000,
    "interestExpense": 1174000000,
    "depreciationAndAmortization": 5578000000,
    "ebitda": 14022000000,
    "ebitdaratio": 0.1972457061,
    "operatingIncome": 7410000000,
    "operatingIncomeRatio": 0.1042355357,
    "totalOtherIncomeExpensesNet": -140000000,
    "incomeBeforeTax": 7270000000,
    "incomeBeforeTaxRatio": 0.1022661734,
    "incomeTaxExpense": 2879000000,
    "netIncome": 4291000000,
    "netIncomeRatio": 0.060360956,
    "eps": 0.67,
    "epsdiluted": 0.67,
    "weightedAverageShsOut": 6377707510,
    "weightedAverageShsOutDil": 6390650000,
    "link": "https://find-and-update.company-information.service.gov.uk/search/companies?q=Shell+plc",
    "finalLink": "https://find-and-update.company-information.service.gov.uk/search/companies?q=Shell+plc"
  },
  {
    "date": "2024-06-30",
    "symbol": "SHEL",
    "reportedCurrency": "USD",
    "cik": "0001306965",
    "fillingDate": "2024-06-30",
    "acceptedDate": "2024-06-29 20:00:00",
    "calendarYear": "2024",
    "period": "Q2",
    "revenue": 74463000000,
    "costOfRevenue": 62565000000,
    "grossProfit": 11898000000,
    "grossProfitRatio": 0.1597840538,
    "researchAndDevelopmentExpenses": 263000000,
    "generalAndAdministrativeExpenses": 3094000000,
    "sellingAndMarketingExpenses": 0,
    "sellingGeneralAndAdministrativeExpenses": 3094000000,
    "otherExpenses": 496000000,
    "operatingExpenses": 3853000000,
    "costAndExpenses": 66418000000,
    "interestIncome": 589000000,
    "interestExpense": 1235000000,
    "depreciationAndAmortization": 5642000000,
    "ebitda": 14281000000,
    "ebitdaratio": 0.1917865249,
    "operatingIncome": 8045000000,
    "operatingIncomeRatio": 0.1080402347,
    "totalOtherIncomeExpensesNet": -641000000,
    "incomeBeforeTax": 7404000000,
    "incomeBeforeTaxRatio": 0.0994319326,
    "incomeTaxExpense": 3754000000,
    "netIncome": 3517000000,
    "netIncomeRatio": 0.047231511,
    "eps": 0.55,
    "epsdiluted": 0.55,
    "weightedAverageShsOut": 6394545454,
    "weightedAverageShsOutDil": 6417600000,
    "link": "https://find-and-update.company-information.service.gov.uk/search/companies?q=Shell+plc",
    "finalLink": "https://find-and-update.company-information.service.gov.uk/search/companies?q=Shell+plc"
  },
  {
    "date": "2024-03-31",
    "symbol": "SHEL",
    "reportedCurrency": "USD",
    "cik": "0001306965",
    "fillingDate": "2024-03-31",
    "acceptedDate": "2024-03-30 20:00:00",
    "calendarYear": "2024",
    "period": "Q1",
    "revenue": 72478000000,
    "costOfRevenue": 58330000000,
    "grossProfit": 14148000000,
    "grossProfitRatio": 0.1952040619,
    "researchAndDevelopmentExpenses": 212000000,
    "generalAndAdministrativeExpenses": 2975000000,
    "sellingAndMarketingExpenses": 0,
    "sellingGeneralAndAdministrativeExpenses": 2975000000,
    "otherExpenses": 0,
    "operatingExpenses": 3937000000,
    "costAndExpenses": 62267000000,
    "interestIncome": 807000000,
    "interestExpense": 1164000000,
    "depreciationAndAmortization": 5881000000,
    "ebitda": 18089000000,
    "ebitdaratio": 0.2495791826,
    "operatingIncome": 12426000000,
    "operatingIncomeRatio": 0.1714451282,
    "totalOtherIncomeExpensesNet": -1382000000,
    "incomeBeforeTax": 11044000000,
    "incomeBeforeTaxRatio": 0.1523772731,
    "incomeTaxExpense": 3604000000,
    "netIncome": 7358000000,
    "netIncomeRatio": 0.1015204614,
    "eps": 1.14,
    "epsdiluted": 1.13,
    "weightedAverageShsOut": 6440100000,
    "weightedAverageShsOutDil": 6504300000,
    "link": "https://find-and-update.company-information.service.gov.uk/search/companies?q=Shell+plc",
    "finalLink": "https://find-and-update.company-information.service.gov.uk/search/companies?q=Shell+plc"
  },
  {
    "date": "2023-12-31",
    "symbol": "SHEL",
    "reportedCurrency": "USD",
    "cik": "0001306965",
    "fillingDate": "2023-12-31",
    "acceptedDate": "2023-12-30 19:00:00",
    "calendarYear": "2023",
    "period": "Q4",
    "revenue": 78732000000,
    "costOfRevenue": 61552000000,
    "grossProfit": 17180000000,
    "grossProfitRatio": 0.2182086064,
    "researchAndDevelopmentExpenses": 469000000,
    "generalAndAdministrativeExpenses": 3622000000,
    "sellingAndMarketingExpenses": 223000000,
    "sellingGeneralAndAdministrativeExpenses": 3845000000,
    "otherExpenses": 0,
    "operatingExpenses": 14988000000,
    "costAndExpenses": 76540000000,
    "interestIncome": 557000000,
    "interestExpense": 1121000000,
    "depreciationAndAmortization": 14170000000,
    "ebitda": 16925000000,
    "ebitdaratio": 0.2149697709,
    "operatingIncome": 6637000000,
    "operatingIncomeRatio": 0.0842986333,
    "totalOtherIncomeExpensesNet": -1477000000,
    "incomeBeforeTax": 1635000000,
    "incomeBeforeTaxRatio": 0.0207666514,
    "incomeTaxExpense": 1099000000,
    "netIncome": 472000000,
    "netIncomeRatio": 0.0059950211,
    "eps": 0.0715,
    "epsdiluted": 0.0715,
    "weightedAverageShsOut": 6558300000,
    "weightedAverageShsOutDil": 6631100000,
    "link": "https://find-and-update.company-information.service.gov.uk/search/companies?q=Shell+plc",
    "finalLink": "https://find-and-update.company-information.service.gov.uk/search/companies?q=Shell+plc"
  },
  {
    "date": "2023-09-30",
    "symbol": "SHEL",
    "reportedCurrency": "USD",
    "cik": "0001306965",
    "fillingDate": "2023-09-30",
    "acceptedDate": "2023-09-29 20:00:00",
    "calendarYear": "2023",
    "period": "Q3",
    "revenue": 76351000000,
    "costOfRevenue": 55528000000,
    "grossProfit": 20823000000,
    "grossProfitRatio": 0.2727272727,
    "researchAndDevelopmentExpenses": 267000000,
    "generalAndAdministrativeExpenses": 3447000000,
    "sellingAndMarketingExpenses": 250000000,
    "sellingGeneralAndAdministrativeExpenses": 3697000000,
    "otherExpenses": 0,
    "operatingExpenses": 9026000000,
    "costAndExpenses": 64554000000,
    "interestIncome": 506000000,
    "interestExpense": 1131000000,
    "depreciationAndAmortization": 5716000000,
    "ebitda": 16859000000,
    "ebitdaratio": 0.2208091577,
    "operatingIncome": 10958000000,
    "operatingIncomeRatio": 0.1435213684,
    "totalOtherIncomeExpensesNet": 335000000,
    "incomeBeforeTax": 11291000000,
    "incomeBeforeTaxRatio": 0.1478828044,
    "incomeTaxExpense": 4115000000,
    "netIncome": 7044000000,
    "netIncomeRatio": 0.0922581237,
    "eps": 1.06,
    "epsdiluted": 1.05,
    "weightedAverageShsOut": 6668100000,
    "weightedAverageShsOutDil": 6736700000,
    "link": "https://find-and-update.company-information.service.gov.uk/search/companies?q=Shell+plc",
    "finalLink": "https://find-and-update.company-information.service.gov.uk/search/companies?q=Shell+plc"
  },
  {
    "date": "2023-06-30",
    "symbol": "SHEL",
    "reportedCurrency": "USD",
    "cik": "0001306965",
    "fillingDate": "2023-06-30",
    "acceptedDate": "2023-06-29 20:00:00",
    "calendarYear": "2023",
    "period": "Q2",
    "revenue": 74578000000,
    "costOfRevenue": 57533000000,
    "grossProfit": 17045000000,
    "grossProfitRatio": 0.2285526563,
    "researchAndDevelopmentExpenses": 297000000,
    "generalAndAdministrativeExpenses": 3314000000,
    "sellingAndMarketingExpenses": 240000000,
    "sellingGeneralAndAdministrativeExpenses": 3554000000,
    "otherExpenses": 0,
    "operatingExpenses": 11113000000,
    "costAndExpenses": 68646000000,
    "interestIncome": 583000000,
    "interestExpense": 1211000000,
    "depreciationAndAmortization": 5708000000,
    "ebitda": 12267000000,
    "ebitdaratio": 0.1644855051,
    "operatingIncome": 7282000000,
    "operatingIncomeRatio": 0.0976427365,
    "totalOtherIncomeExpensesNet": -1933000000,
    "incomeBeforeTax": 5349000000,
    "incomeBeforeTaxRatio": 0.0717235646,
    "incomeTaxExpense": 2195000000,
    "netIncome": 3134000000,
    "netIncomeRatio": 0.0420231167,
    "eps": 0.46,
    "epsdiluted": 0.46,
    "weightedAverageShsOut": 6793400000,
    "weightedAverageShsOutDil": 6854200000,
    "link": "https://find-and-update.company-information.service.gov.uk/search/companies?q=Shell+plc",
    "finalLink": "https://find-and-update.company-information.service.gov.uk/search/companies?q=Shell+plc"
  },
  {
    "date": "2023-03-31",
    "symbol": "SHEL",
    "reportedCurrency": "USD",
    "cik": "0001306965",
    "fillingDate": "2023-03-31",
    "acceptedDate": "2023-03-30 20:00:00",
    "calendarYear": "2023",
    "period": "Q1",
    "revenue": 86959000000,
    "costOfRevenue": 63510000000,
    "grossProfit": 23449000000,
    "grossProfitRatio": 0.2696558148,
    "researchAndDevelopmentExpenses": 253000000,
    "generalAndAdministrativeExpenses": 3051000000,
    "sellingAndMarketingExpenses": 168000000,
    "sellingGeneralAndAdministrativeExpenses": 3219000000,
    "otherExpenses": 0,
    "operatingExpenses": 8429000000,
    "costAndExpenses": 71939000000,
    "interestIncome": 665000000,
    "interestExpense": 1165000000,
    "depreciationAndAmortization": 6285000000,
    "ebitda": 19977000000,
    "ebitdaratio": 0.2297289527,
    "operatingIncome": 14045000000,
    "operatingIncomeRatio": 0.1615128969,
    "totalOtherIncomeExpensesNet": 311000000,
    "incomeBeforeTax": 14355000000,
    "incomeBeforeTaxRatio": 0.1650777953,
    "incomeTaxExpense": 5582000000,
    "netIncome": 8709000000,
    "netIncomeRatio": 0.1001506457,
    "eps": 1.26,
    "epsdiluted": 1.25,
    "weightedAverageShsOut": 6918900000,
    "weightedAverageShsOutDil": 6982100000,
    "link": "https://find-and-update.company-information.service.gov.uk/search/companies?q=Shell+plc",
    "finalLink": "https://find-and-update.company-information.service.gov.uk/search/companies?q=Shell+plc"
  },
  {
    "date": "2022-12-31",
    "symbol": "SHEL",
    "reportedCurrency": "USD",
    "cik": "0001306965",
    "fillingDate": "2022-12-31",
    "acceptedDate": "2022-12-30 19:00:00",
    "calendarYear": "2022",
    "period": "Q4",
    "revenue": 101303000000,
    "costOfRevenue": 79168000000,
    "grossProfit": 22135000000,
    "grossProfitRatio": 0.2185029071,
    "researchAndDevelopmentExpenses": 403000000,
    "generalAndAdministrativeExpenses": 3491000000,
    "sellingAndMarketingExpenses": 0,
    "sellingGeneralAndAdministrativeExpenses": 3491000000,
    "otherExpenses": 649000000,
    "operatingExpenses": 4543000000,
    "costAndExpenses": 83711000000,
    "interestIncome": 634000000,
    "interestExpense": 1040000000,
    "depreciationAndAmortization": 1867000000,
    "ebitda": 23193000000,
    "ebitdaratio": 0.2289468229,
    "operatingIncome": 17462000000,
    "operatingIncomeRatio": 0.1723739672,
    "totalOtherIncomeExpensesNet": -1149000000,
    "incomeBeforeTax": 16443000000,
    "incomeBeforeTaxRatio": 0.1623150351,
    "incomeTaxExpense": 5975000000,
    "netIncome": 10410000000,
    "netIncomeRatio": 0.1027610239,
    "eps": 1.47,
    "epsdiluted": 1.46,
    "weightedAverageShsOut": 7063900000,
    "weightedAverageShsOutDil": 7127200000,
    "link": "https://find-and-update.company-information.service.gov.uk/search/companies?q=Shell+plc",
    "finalLink": "https://find-and-update.company-information.service.gov.uk/search/companies?q=Shell+plc"
  },
  {
    "date": "2022-09-30",
    "symbol": "SHEL",
    "reportedCurrency": "USD",
    "cik": "0001306965",
    "fillingDate": "2022-09-30",
    "acceptedDate": "2022-09-29 20:00:00",
    "calendarYear": "2022",
    "period": "Q3",
    "revenue": 95749000000,
    "costOfRevenue": 82718000000,
    "grossProfit": 13031000000,
    "grossProfitRatio": 0.1360954161,
    "researchAndDevelopmentExpenses": 220000000,
    "generalAndAdministrativeExpenses": 3229000000,
    "sellingAndMarketingExpenses": 0,
    "sellingGeneralAndAdministrativeExpenses": 3229000000,
    "otherExpenses": 424000000,
    "operatingExpenses": 3873000000,
    "costAndExpenses": 86591000000,
    "interestIncome": 415000000,
    "interestExpense": 734000000,
    "depreciationAndAmortization": 5665000000,
    "ebitda": 17834000000,
    "ebitdaratio": 0.1862578199,
    "operatingIncome": 12076000000,
    "operatingIncomeRatio": 0.1261214216,
    "totalOtherIncomeExpensesNet": -641000000,
    "incomeBeforeTax": 11435000000,
    "incomeBeforeTaxRatio": 0.1194268347,
    "incomeTaxExpense": 4587000000,
    "netIncome": 6743000000,
    "netIncomeRatio": 0.070423712,
    "eps": 0.93,
    "epsdiluted": 0.92,
    "weightedAverageShsOut": 7276700000,
    "weightedAverageShsOutDil": 7341300000,
    "link": "https://find-and-update.company-information.service.gov.uk/search/companies?q=Shell+plc",
    "finalLink": "https://find-and-update.company-information.service.gov.uk/search/companies?q=Shell+plc"
  },
  {
    "date": "2022-06-30",
    "symbol": "SHEL",
    "reportedCurrency": "USD",
    "cik": "0001306965",
    "fillingDate": "2022-06-30",
    "acceptedDate": "2022-06-29 20:00:00",
    "calendarYear": "2022",
    "period": "Q2",
    "revenue": 100059000000,
    "costOfRevenue": 72669000000,
    "grossProfit": 27390000000,
    "grossProfitRatio": 0.2737384943,
    "researchAndDevelopmentExpenses": 264000000,
    "generalAndAdministrativeExpenses": 2924000000,
    "sellingAndMarketingExpenses": 0,
    "sellingGeneralAndAdministrativeExpenses": 2924000000,
    "otherExpenses": 370000000,
    "operatingExpenses": 3558000000,
    "costAndExpenses": 76227000000,
    "interestIncome": 295000000,
    "interestExpense": 695000000,
    "depreciationAndAmortization": 5608000000,
    "ebitda": 32463000000,
    "ebitdaratio": 0.3244385812,
    "operatingIncome": 26521000000,
    "operatingIncomeRatio": 0.2650536184,
    "totalOtherIncomeExpensesNet": -361000000,
    "incomeBeforeTax": 26160000000,
    "incomeBeforeTaxRatio": 0.261445747,
    "incomeTaxExpense": 7922000000,
    "netIncome": 18040000000,
    "netIncomeRatio": 0.1802936268,
    "eps": 2.42,
    "epsdiluted": 2.4,
    "weightedAverageShsOut": 7453200000,
    "weightedAverageShsOutDil": 7518500000,
    "link": "https://find-and-update.company-information.service.gov.uk/search/companies?q=Shell+plc",
    "finalLink": "https://find-and-update.company-information.service.gov.uk/search/companies?q=Shell+plc"
  },
  {
    "date": "2022-03-31",
    "symbol": "SHEL",
    "reportedCurrency": "USD",
    "cik": "0001306965",
    "fillingDate": "2022-03-31",
    "acceptedDate": "2022-03-30 20:00:00",
    "calendarYear": "2022",
    "period": "Q1",
    "revenue": 84204000000,
    "costOfRevenue": 67981000000,
    "grossProfit": 16223000000,
    "grossProfitRatio": 0.1926630564,
    "researchAndDevelopmentExpenses": 189000000,
    "generalAndAdministrativeExpenses": 3239000000,
    "sellingAndMarketingExpenses": 0,
    "sellingGeneralAndAdministrativeExpenses": 3239000000,
    "otherExpenses": 269000000,
    "operatingExpenses": 3697000000,
    "costAndExpenses": 71678000000,
    "interestIncome": 111000000,
    "interestExpense": 1768000000,
    "depreciationAndAmortization": 6295000000,
    "ebitda": 18646000000,
    "ebitdaratio": 0.2214384115,
    "operatingIncome": 12351000000,
    "operatingIncomeRatio": 0.1466794927,
    "totalOtherIncomeExpensesNet": -1750000000,
    "incomeBeforeTax": 10776000000,
    "incomeBeforeTaxRatio": 0.1279749181,
    "incomeTaxExpense": 3457000000,
    "netIncome": 7116000000,
    "netIncomeRatio": 0.0845090495,
    "eps": 0.94,
    "epsdiluted": 0.93,
    "weightedAverageShsOut": 7603000000,
    "weightedAverageShsOutDil": 7661600000,
    "link": "https://find-and-update.company-information.service.gov.uk/search/companies?q=Shell+plc",
    "finalLink": "https://find-and-update.company-information.service.gov.uk/search/companies?q=Shell+plc"
  },
  {
    "date": "2021-12-31",
    "symbol": "SHEL",
    "reportedCurrency": "USD",
    "cik": "0001306965",
    "fillingDate": "2021-12-31",
    "acceptedDate": "2021-12-30 19:00:00",
    "calendarYear": "2021",
    "period": "Q4",
    "revenue": 85280000000,
    "costOfRevenue": 69541000000,
    "grossProfit": 15739000000,
    "grossProfitRatio": 0.1845567542,
    "researchAndDevelopmentExpenses": 304000000,
    "generalAndAdministrativeExpenses": 2867000000,
    "sellingAndMarketingExpenses": 0,
    "sellingGeneralAndAdministrativeExpenses": 2867000000,
    "otherExpenses": 280000000,
    "operatingExpenses": 3451000000,
    "costAndExpenses": 72992000000,
    "interestIncome": 172000000,
    "interestExpense": 963000000,
    "depreciationAndAmortization": 6445000000,
    "ebitda": 19998000000,
    "ebitdaratio": 0.2344981238,
    "operatingIncome": 17089000000,
    "operatingIncomeRatio": 0.2003869606,
    "totalOtherIncomeExpensesNet": -820000000,
    "incomeBeforeTax": 16269000000,
    "incomeBeforeTaxRatio": 0.190771576,
    "incomeTaxExpense": 4665000000,
    "netIncome": 11461000000,
    "netIncomeRatio": 0.1343925891,
    "eps": 1.49,
    "epsdiluted": 1.48,
    "weightedAverageShsOut": 7701900000,
    "weightedAverageShsOutDil": 7744300000,
    "link": "https://find-and-update.company-information.service.gov.uk/search/companies?q=Shell+plc",
    "finalLink": "https://find-and-update.company-information.service.gov.uk/search/companies?q=Shell+plc"
  },
  {
    "date": "2021-09-30",
    "symbol": "SHEL",
    "reportedCurrency": "USD",
    "cik": "0001306965",
    "fillingDate": "2021-09-30",
    "acceptedDate": "2021-09-29 20:00:00",
    "calendarYear": "2021",
    "period": "Q3",
    "revenue": 60044000000,
    "costOfRevenue": 55940000000,
    "grossProfit": 4104000000,
    "grossProfitRatio": 0.0683498768,
    "researchAndDevelopmentExpenses": 145000000,
    "generalAndAdministrativeExpenses": 2892000000,
    "sellingAndMarketingExpenses": 0,
    "sellingGeneralAndAdministrativeExpenses": 2892000000,
    "otherExpenses": 526000000,
    "operatingExpenses": 3563000000,
    "costAndExpenses": 59503000000,
    "interestIncome": 232000000,
    "interestExpense": 859000000,
    "depreciationAndAmortization": 6358000000,
    "ebitda": 8057000000,
    "ebitdaratio": 0.1341849311,
    "operatingIncome": 541000000,
    "operatingIncomeRatio": 0.0090100593,
    "totalOtherIncomeExpensesNet": 652000000,
    "incomeBeforeTax": 1193000000,
    "incomeBeforeTaxRatio": 0.0198687629,
    "incomeTaxExpense": 1510000000,
    "netIncome": -447000000,
    "netIncomeRatio": -0.0074445407,
    "eps": -0.06,
    "epsdiluted": -0.0575,
    "weightedAverageShsOut": 7450000000,
    "weightedAverageShsOutDil": 7773300000,
    "link": "https://find-and-update.company-information.service.gov.uk/search/companies?q=Shell+plc",
    "finalLink": "https://find-and-update.company-information.service.gov.uk/search/companies?q=Shell+plc"
  },
  {
    "date": "2021-06-30",
    "symbol": "SHEL",
    "reportedCurrency": "USD",
    "cik": "0001306965",
    "fillingDate": "2021-06-30",
    "acceptedDate": "2021-06-29 20:00:00",
    "calendarYear": "2021",
    "period": "Q2",
    "revenue": 60515000000,
    "costOfRevenue": 53102000000,
    "grossProfit": 7413000000,
    "grossProfitRatio": 0.1224985541,
    "researchAndDevelopmentExpenses": 201000000,
    "generalAndAdministrativeExpenses": 3107000000,
    "sellingAndMarketingExpenses": 0,
    "sellingGeneralAndAdministrativeExpenses": 3107000000,
    "otherExpenses": 332000000,
    "operatingExpenses": 3640000000,
    "costAndExpenses": 56742000000,
    "interestIncome": 151000000,
    "interestExpense": 893000000,
    "depreciationAndAmortization": 8223000000,
    "ebitda": 13301000000,
    "ebitdaratio": 0.2197967446,
    "operatingIncome": 3773000000,
    "operatingIncomeRatio": 0.0623481781,
    "totalOtherIncomeExpensesNet": 357000000,
    "incomeBeforeTax": 4130000000,
    "incomeBeforeTaxRatio": 0.0682475419,
    "incomeTaxExpense": 571000000,
    "netIncome": 3428000000,
    "netIncomeRatio": 0.0566471123,
    "eps": 0.44,
    "epsdiluted": 0.44,
    "weightedAverageShsOut": 7790100000,
    "weightedAverageShsOutDil": 7835900000,
    "link": "https://find-and-update.company-information.service.gov.uk/search/companies?q=Shell+plc",
    "finalLink": "https://find-and-update.company-information.service.gov.uk/search/companies?q=Shell+plc"
  },
  {
    "date": "2021-03-31",
    "symbol": "SHEL",
    "reportedCurrency": "USD",
    "cik": "0001306965",
    "fillingDate": "2021-03-31",
    "acceptedDate": "2021-03-30 20:00:00",
    "calendarYear": "2021",
    "period": "Q1",
    "revenue": 55665000000,
    "costOfRevenue": 47073000000,
    "grossProfit": 8592000000,
    "grossProfitRatio": 0.1543519267,
    "researchAndDevelopmentExpenses": 166000000,
    "generalAndAdministrativeExpenses": 2462000000,
    "sellingAndMarketingExpenses": 0,
    "sellingGeneralAndAdministrativeExpenses": 2462000000,
    "otherExpenses": 285000000,
    "operatingExpenses": 2913000000,
    "costAndExpenses": 49986000000,
    "interestIncome": 295000000,
    "interestExpense": 892000000,
    "depreciationAndAmortization": 5896000000,
    "ebitda": 15025000000,
    "ebitdaratio": 0.269918261,
    "operatingIncome": 5679000000,
    "operatingIncomeRatio": 0.1020210186,
    "totalOtherIncomeExpensesNet": 2558000000,
    "incomeBeforeTax": 8237000000,
    "incomeBeforeTaxRatio": 0.1479744903,
    "incomeTaxExpense": 2453000000,
    "netIncome": 5660000000,
    "netIncomeRatio": 0.101679691,
    "eps": 0.73,
    "epsdiluted": 0.72,
    "weightedAverageShsOut": 7782100000,
    "weightedAverageShsOutDil": 7832300000,
    "link": "https://find-and-update.company-information.service.gov.uk/search/companies?q=Shell+plc",
    "finalLink": "https://find-and-update.company-information.service.gov.uk/search/companies?q=Shell+plc"
  },
  {
    "date": "2020-12-31",
    "symbol": "SHEL",
    "reportedCurrency": "USD",
    "cik": "0001306965",
    "fillingDate": "2020-12-31",
    "acceptedDate": "2020-12-30 19:00:00",
    "calendarYear": "2020",
    "period": "Q4",
    "revenue": 43989000000,
    "costOfRevenue": 44785000000,
    "grossProfit": -796000000,
    "grossProfitRatio": -0.0180954329,
    "researchAndDevelopmentExpenses": 199000000,
    "generalAndAdministrativeExpenses": 2751000000,
    "sellingAndMarketingExpenses": 0,
    "sellingGeneralAndAdministrativeExpenses": 2751000000,
    "otherExpenses": 508000000,
    "operatingExpenses": 3458000000,
    "costAndExpenses": 48243000000,
    "interestIncome": 411000000,
    "interestExpense": 908000000,
    "depreciationAndAmortization": 9573000000,
    "ebitda": 6324000000,
    "ebitdaratio": 0.1437632135,
    "operatingIncome": -4255000000,
    "operatingIncomeRatio": -0.0967287276,
    "totalOtherIncomeExpensesNet": 131000000,
    "incomeBeforeTax": -4124000000,
    "incomeBeforeTaxRatio": -0.0937507104,
    "incomeTaxExpense": -168000000,
    "netIncome": -4014000000,
    "netIncomeRatio": -0.0912500852,
    "eps": -0.52,
    "epsdiluted": -0.52,
    "weightedAverageShsOut": 7784400000,
    "weightedAverageShsOutDil": 7784400000,
    "link": "https://find-and-update.company-information.service.gov.uk/search/companies?q=Shell+plc",
    "finalLink": "https://find-and-update.company-information.service.gov.uk/search/companies?q=Shell+plc"
  },
  {
    "date": "2020-09-30",
    "symbol": "SHEL",
    "reportedCurrency": "USD",
    "cik": "0001306965",
    "fillingDate": "2020-09-30",
    "acceptedDate": "2020-09-29 20:00:00",
    "calendarYear": "2020",
    "period": "Q3",
    "revenue": 44021000000,
    "costOfRevenue": 40461000000,
    "grossProfit": 3560000000,
    "grossProfitRatio": 0.0808704936,
    "researchAndDevelopmentExpenses": 233000000,
    "generalAndAdministrativeExpenses": 2366000000,
    "sellingAndMarketingExpenses": 0,
    "sellingGeneralAndAdministrativeExpenses": 2366000000,
    "otherExpenses": 222000000,
    "operatingExpenses": 2821000000,
    "costAndExpenses": 43282000000,
    "interestIncome": 234000000,
    "interestExpense": 992000000,
    "depreciationAndAmortization": 7689000000,
    "ebitda": 9123000000,
    "ebitdaratio": 0.2072419981,
    "operatingIncome": 739000000,
    "operatingIncomeRatio": 0.0167874424,
    "totalOtherIncomeExpensesNet": -297000000,
    "incomeBeforeTax": 442000000,
    "incomeBeforeTaxRatio": 0.0100406624,
    "incomeTaxExpense": -104000000,
    "netIncome": 489000000,
    "netIncomeRatio": 0.0111083347,
    "eps": 0.06,
    "epsdiluted": 0.06,
    "weightedAverageShsOut": 7788700000,
    "weightedAverageShsOutDil": 7823600000,
    "link": "https://find-and-update.company-information.service.gov.uk/search/companies?q=Shell+plc",
    "finalLink": "https://find-and-update.company-information.service.gov.uk/search/companies?q=Shell+plc"
  },
  {
    "date": "2020-06-30",
    "symbol": "SHEL",
    "reportedCurrency": "USD",
    "cik": "0001306965",
    "fillingDate": "2020-06-30",
    "acceptedDate": "2020-06-29 20:00:00",
    "calendarYear": "2020",
    "period": "Q2",
    "revenue": 32504000000,
    "costOfRevenue": 52004000000,
    "grossProfit": -19500000000,
    "grossProfitRatio": -0.5999261629,
    "researchAndDevelopmentExpenses": 232000000,
    "generalAndAdministrativeExpenses": 2370000000,
    "sellingAndMarketingExpenses": 0,
    "sellingGeneralAndAdministrativeExpenses": 2370000000,
    "otherExpenses": 723000000,
    "operatingExpenses": 3325000000,
    "costAndExpenses": 55329000000,
    "interestIncome": 148000000,
    "interestExpense": 1070000000,
    "depreciationAndAmortization": 28089000000,
    "ebitda": 5279000000,
    "ebitdaratio": 0.1624107802,
    "operatingIncome": -22825000000,
    "operatingIncomeRatio": -0.7022212651,
    "totalOtherIncomeExpensesNet": -1082000000,
    "incomeBeforeTax": -23907000000,
    "incomeBeforeTaxRatio": -0.7355094758,
    "incomeTaxExpense": -5806000000,
    "netIncome": -18131000000,
    "netIncomeRatio": -0.5578082698,
    "eps": -2.33,
    "epsdiluted": -2.33,
    "weightedAverageShsOut": 7781545064,
    "weightedAverageShsOutDil": 7789800000,
    "link": "https://find-and-update.company-information.service.gov.uk/search/companies?q=Shell+plc",
    "finalLink": "https://find-and-update.company-information.service.gov.uk/search/companies?q=Shell+plc"
  },
  {
    "date": "2020-03-31",
    "symbol": "SHEL",
    "reportedCurrency": "USD",
    "cik": "0001306965",
    "fillingDate": "2020-03-31",
    "acceptedDate": "2020-03-30 20:00:00",
    "calendarYear": "2020",
    "period": "Q1",
    "revenue": 60029000000,
    "costOfRevenue": 56288000000,
    "grossProfit": 3741000000,
    "grossProfitRatio": 0.0623198787,
    "researchAndDevelopmentExpenses": 243000000,
    "generalAndAdministrativeExpenses": 2393000000,
    "sellingAndMarketingExpenses": 0,
    "sellingGeneralAndAdministrativeExpenses": 2393000000,
    "otherExpenses": 294000000,
    "operatingExpenses": 2930000000,
    "costAndExpenses": 59218000000,
    "interestIncome": 76000000,
    "interestExpense": 1118000000,
    "depreciationAndAmortization": 7093000000,
    "ebitda": 8834000000,
    "ebitdaratio": 0.1471622049,
    "operatingIncome": 811000000,
    "operatingIncomeRatio": 0.0135101368,
    "totalOtherIncomeExpensesNet": -188000000,
    "incomeBeforeTax": 623000000,
    "incomeBeforeTaxRatio": 0.0103783171,
    "incomeTaxExpense": 646000000,
    "netIncome": -24000000,
    "netIncomeRatio": -0.0003998068,
    "eps": -0.0031,
    "epsdiluted": -0.0031,
    "weightedAverageShsOut": 7819800000,
    "weightedAverageShsOutDil": 7819800000,
    "link": "https://find-and-update.company-information.service.gov.uk/search/companies?q=Shell+plc",
    "finalLink": "https://find-and-update.company-information.service.gov.uk/search/companies?q=Shell+plc"
  }
]