[
  {
    "date": "2024-12-31",
    "symbol": "SHEL",
    "reportedCurrency": "USD",
    "cik": "0001306965",
    "fillingDate": "2025-03-25",
    "acceptedDate": "2025-03-25 07:05:54",
    "calendarYear": "2024",
    "period": "FY",
    "revenue": 284312000000,
    "costOfRevenue": 211499000000,
    "grossProfit": 72813000000,
    "grossProfitRatio": 0.2561024508,
    "researchAndDevelopmentExpenses": 1099000000,
    "generalAndAdministrativeExpenses": 12439000000,
    "sellingAndMarketingExpenses": 0,
    "sellingGeneralAndAdministrativeExpenses": 12439000000,
    "otherExpenses": 0,
    "operatingExpenses": 14327000000,
    "costAndExpenses": 225826000000,
    "interestIncome": 2372000000,
    "interestExpense": 4787000000,
    "depreciationAndAmortization": 24325000000,
    "ebitda": 58486000000,
    "ebitdaratio": 0.2057106278,
    "operatingIncome": 29992000000,
    "operatingIncomeRatio": 0.1054897437,
    "totalOtherIncomeExpensesNet": -71000000,
    "incomeBeforeTax": 29921000000,
    "incomeBeforeTaxRatio": 0.105240018,
    "incomeTaxExpense": 13401000000,
    "netIncome": 16093000000,
    "netIncomeRatio": 0.056603309,
    "eps": 5.1,
    "epsdiluted": 5.06,
    "weightedAverageShsOut": 6299600000,
    "weightedAverageShsOutDil": 6363700000,
    "link": "https://www.sec.gov/Archives/edgar/data/1306965/000130696525000007/0001306965-25-000007-index.htm",
    "finalLink": "https://www.sec.gov/Archives/edgar/data/1306965/000130696525000007/shel-20241231.htm"
  },
  {
    "date": "2023-12-31",
    "symbol": "SHEL",
    "reportedCurrency": "USD",
    "cik": "0001306965",
    "fillingDate": "2024-03-14",
    "acceptedDate": "2024-03-14 07:09:43",
    "calendarYear": "2023",
    "period": "FY",
    "revenue": 316620000000,
    "costOfRevenue": 269413000000,
    "grossProfit": 47207000000,
    "grossProfitRatio": 0.149096709,
    "researchAndDevelopmentExpenses": 1287000000,
    "generalAndAdministrativeExpenses": 13433000000,
    "sellingAndMarketingExpenses": 0,
    "sellingGeneralAndAdministrativeExpenses": 13433000000,
    "otherExpenses": 1750000000,
    "operatingExpenses": 16470000000,
    "costAndExpenses": 253725000000,
    "interestIncome": 2990000000,
    "interestExpense": 4628000000,
    "depreciationAndAmortization": 31290000000,
    "ebitda": 68545000000,
    "ebitdaratio": 0.2164897985,
    "operatingIncome": 30737000000,
    "operatingIncomeRatio": 0.0970785168,
    "totalOtherIncomeExpensesNet": 1890000000,
    "incomeBeforeTax": 32627000000,
    "incomeBeforeTaxRatio": 0.1030478176,
    "incomeTaxExpense": 12991000000,
    "netIncome": 19359000000,
    "netIncomeRatio": 0.0611426947,
    "eps": 2.93,
    "epsdiluted": 2.85,
    "weightedAverageShsOut": 6613200000,
    "weightedAverageShsOutDil": 6799800000,
    "link": "https://www.sec.gov/Archives/edgar/data/1306965/000130696524000026/0001306965-24-000026-index.htm",
    "finalLink": "https://www.sec.gov/Archives/edgar/data/1306965/000130696524000026/shel-20231231.htm"
  },
  {
    "date": "2022-12-31",
    "symbol": "SHEL",
    "reportedCurrency": "USD",
    "cik": "0001306965",
    "fillingDate": "2022-12-31",
    "acceptedDate": "2022-12-30 19:00:00",
    "calendarYear": "2022",
    "period": "FY",
    "revenue": 381314000000,
    "costOfRevenue": 302535000000,
    "grossProfit": 78779000000,
    "grossProfitRatio": 0.2065987611,
    "researchAndDevelopmentExpenses": 1075000000,
    "generalAndAdministrativeExpenses": 12883000000,
    "sellingAndMarketingExpenses": 0,
    "sellingGeneralAndAdministrativeExpenses": 12883000000,
    "otherExpenses": 1712000000,
    "operatingExpenses": 15670000000,
    "costAndExpenses": 318205000000,
    "interestIncome": 398000000,
    "interestExpense": 3181000000,
    "depreciationAndAmortization": 18529000000,
    "ebitda": 86596000000,
    "ebitdaratio": 0.2270989263,
    "operatingIncome": 67353000000,
    "operatingIncomeRatio": 0.1766339552,
    "totalOtherIncomeExpensesNet": 1705000000,
    "incomeBeforeTax": 64814000000,
    "incomeBeforeTaxRatio": 0.1699754009,
    "incomeTaxExpense": 21941000000,
    "netIncome": 42309000000,
    "netIncomeRatio": 0.1109558002,
    "eps": 5.76,
    "epsdiluted": 5.71,
    "weightedAverageShsOut": 7347500000,
    "weightedAverageShsOutDil": 7410500000,
    "link": "https://find-and-update.company-information.service.gov.uk/search/companies?q=Shell+plc",
    "finalLink": "https://find-and-update.company-information.service.gov.uk/search/companies?q=Shell+plc"
  },
  {
    "date": "2021-12-31",
    "symbol": "SHEL",
    "reportedCurrency": "USD",
    "cik": "0001306965",
    "fillingDate": "2021-12-31",
    "acceptedDate": "2021-12-30 19:00:00",
    "calendarYear": "2021",
    "period": "FY",
    "revenue": 261504000000,
    "costOfRevenue": 225656000000,
    "grossProfit": 35848000000,
    "grossProfitRatio": 0.1370839452,
    "researchAndDevelopmentExpenses": 815000000,
    "generalAndAdministrativeExpenses": 11328000000,
    "sellingAndMarketingExpenses": 0,
    "sellingGeneralAndAdministrativeExpenses": 11328000000,
    "otherExpenses": 1423000000,
    "operatingExpenses": 13566000000,
    "costAndExpenses": 239222000000,
    "interestIncome": 852000000,
    "interestExpense": 3607000000,
    "depreciationAndAmortization": 26921000000,
    "ebitda": 54362000000,
    "ebitdaratio": 0.2078820974,
    "operatingIncome": 27441000000,
    "operatingIncomeRatio": 0.1049352974,
    "totalOtherIncomeExpensesNet": 2388000000,
    "incomeBeforeTax": 29829000000,
    "incomeBeforeTaxRatio": 0.1140670888,
    "incomeTaxExpense": 9199000000,
    "netIncome": 20101000000,
    "netIncomeRatio": 0.076866893,
    "eps": 2.59,
    "epsdiluted": 2.57,
    "weightedAverageShsOut": 7761700000,
    "weightedAverageShsOutDil": 7806800000,
    "link": "https://find-and-update.company-information.service.gov.uk/search/companies?q=Shell+plc",
    "finalLink": "https://find-and-update.company-information.service.gov.uk/search/companies?q=Shell+plc"
  },
  {
    "date": "2020-12-31",
    "symbol": "SHEL",
    "reportedCurrency": "USD",
    "cik": "0001306965",
    "fillingDate": "2020-12-31",
    "acceptedDate": "2020-12-30 19:00:00",
    "calendarYear": "2020",
    "period": "FY",
    "revenue": 180543000000,
    "costOfRevenue": 193538000000,
    "grossProfit": -12995000000,
    "grossProfitRatio": -0.0719773129,
    "researchAndDevelopmentExpenses": 907000000,
    "generalAndAdministrativeExpenses": 9881000000,
    "sellingAndMarketingExpenses": 0,
    "sellingGeneralAndAdministrativeExpenses": 9881000000,
    "otherExpenses": 1747000000,
    "operatingExpenses": 12535000000,
    "costAndExpenses": 206073000000,
    "interestIncome": 869000000,
    "interestExpense": 4089000000,
    "depreciationAndAmortization": 52444000000,
    "ebitda": 29534000000,
    "ebitdaratio": 0.1635842985,
    "operatingIncome": -22877000000,
    "operatingIncomeRatio": -0.126712196,
    "totalOtherIncomeExpensesNet": -4090000000,
    "incomeBeforeTax": -26966000000,
    "incomeBeforeTaxRatio": -0.1493605401,
    "incomeTaxExpense": -5433000000,
    "netIncome": -21533000000,
    "netIncomeRatio": -0.119267986,
    "eps": -2.76,
    "epsdiluted": -2.76,
    "weightedAverageShsOut": 7795600000,
    "weightedAverageShsOutDil": 7795600000,
    "link": "https://find-and-update.company-information.service.gov.uk/search/companies?q=Shell+plc",
    "finalLink": "https://find-and-update.company-information.service.gov.uk/search/companies?q=Shell+plc"
  },
  {
    "date": "2019-12-31",
    "symbol": "SHEL",
    "reportedCurrency": "USD",
    "cik": "0001306965",
    "fillingDate": "2019-12-31",
    "acceptedDate": "2019-12-30 19:00:00",
    "calendarYear": "2019",
    "period": "FY",
    "revenue": 344877000000,
    "costOfRevenue": 308122000000,
    "grossProfit": 36755000000,
    "grossProfitRatio": 0.1065742279,
    "researchAndDevelopmentExpenses": 962000000,
    "generalAndAdministrativeExpenses": 10493000000,
    "sellingAndMarketingExpenses": 0,
    "sellingGeneralAndAdministrativeExpenses": 10493000000,
    "otherExpenses": 2354000000,
    "operatingExpenses": 13809000000,
    "costAndExpenses": 321931000000,
    "interestIncome": 3625000000,
    "interestExpense": 4690000000,
    "depreciationAndAmortization": 28701000000,
    "ebitda": 58744000000,
    "ebitdaratio": 0.1703331913,
    "operatingIncome": 30176000000,
    "operatingIncomeRatio": 0.0874978616,
    "totalOtherIncomeExpensesNet": -4690000000,
    "incomeBeforeTax": 25486000000,
    "incomeBeforeTaxRatio": 0.0738988103,
    "incomeTaxExpense": 9053000000,
    "netIncome": 15843000000,
    "netIncomeRatio": 0.0459381171,
    "eps": 1.97,
    "epsdiluted": 1.95,
    "weightedAverageShsOut": 8058300000,
    "weightedAverageShsOutDil": 8112500000,
    "link": "https://find-and-update.company-information.service.gov.uk/search/companies?q=Shell+plc",
    "finalLink": "https://find-and-update.company-information.service.gov.uk/search/companies?q=Shell+plc"
  },
  {
    "date": "2018-12-31",
    "symbol": "SHEL",
    "reportedCurrency": "USD",
    "cik": "0001306965",
    "fillingDate": "2018-12-31",
    "acceptedDate": "2018-12-30 19:00:00",
    "calendarYear": "2018",
    "period": "FY",
    "revenue": 388379000000,
    "costOfRevenue": 343504000000,
    "grossProfit": 44875000000,
    "grossProfitRatio": 0.1155443523,
    "researchAndDevelopmentExpenses": 986000000,
    "generalAndAdministrativeExpenses": 11360000000,
    "sellingAndMarketingExpenses": 0,
    "sellingGeneralAndAdministrativeExpenses": 11360000000,
    "otherExpenses": 4071000000,
    "operatingExpenses": 13686000000,
    "costAndExpenses": 357190000000,
    "interestIncome": 4071000000,
    "interestExpense": 3745000000,
    "depreciationAndAmortization": 22135000000,
    "ebitda": 61332000000,
    "ebitdaratio": 0.1579179101,
    "operatingIncome": 31189000000,
    "operatingIncomeRatio": 0.0803055778,
    "totalOtherIncomeExpensesNet": 4432000000,
    "incomeBeforeTax": 35621000000,
    "incomeBeforeTaxRatio": 0.0917171114,
    "incomeTaxExpense": 11715000000,
    "netIncome": 23352000000,
    "netIncomeRatio": 0.0601268349,
    "eps": 2.82,
    "epsdiluted": 2.8,
    "weightedAverageShsOut": 8282800000,
    "weightedAverageShsOutDil": 8348700000,
    "link": "https://find-and-update.company-information.service.gov.uk/search/companies?q=Shell+plc",
    "finalLink": "https://find-and-update.company-information.service.gov.uk/search/companies?q=Shell+plc"
  },
  {
    "date": "2017-12-31",
    "symbol": "SHEL",
    "reportedCurrency": "USD",
    "cik": "0001306965",
    "fillingDate": "2017-12-31",
    "acceptedDate": "2017-12-30 19:00:00",
    "calendarYear": "2017",
    "period": "FY",
    "revenue": 305179000000,
    "costOfRevenue": 276322000000,
    "grossProfit": 28857000000,
    "grossProfitRatio": 0.0945576203,
    "researchAndDevelopmentExpenses": 922000000,
    "generalAndAdministrativeExpenses": 10509000000,
    "sellingAndMarketingExpenses": 0,
    "sellingGeneralAndAdministrativeExpenses": 10509000000,
    "otherExpenses": 2466000000,
    "operatingExpenses": 13376000000,
    "costAndExpenses": 289698000000,
    "interestIncome": 2466000000,
    "interestExpense": 4042000000,
    "depreciationAndAmortization": 26222000000,
    "ebitda": 48281000000,
    "ebitdaratio": 0.1582055122,
    "operatingIncome": 15481000000,
    "operatingIncomeRatio": 0.0507276058,
    "totalOtherIncomeExpensesNet": 2649000000,
    "incomeBeforeTax": 18130000000,
    "incomeBeforeTaxRatio": 0.0594077574,
    "incomeTaxExpense": 4695000000,
    "netIncome": 12977000000,
    "netIncomeRatio": 0.0425225851,
    "eps": 1.58,
    "epsdiluted": 1.56,
    "weightedAverageShsOut": 8223400000,
    "weightedAverageShsOutDil": 8299000000,
    "link": "https://find-and-update.company-information.service.gov.uk/search/companies?q=Shell+plc",
    "finalLink": "https://find-and-update.company-information.service.gov.uk/search/companies?q=Shell+plc"
  },
  {
    "date": "2016-12-31",
    "symbol": "SHEL",
    "reportedCurrency": "USD",
    "cik": "0001306965",
    "fillingDate": "2016-12-31",
    "acceptedDate": "2016-12-30 19:00:00",
    "calendarYear": "2016",
    "period": "FY",
    "revenue": 233591000000,
    "costOfRevenue": 216001000000,
    "grossProfit": 17590000000,
    "grossProfitRatio": 0.0753025587,
    "researchAndDevelopmentExpenses": 1014000000,
    "generalAndAdministrativeExpenses": 12101000000,
    "sellingAndMarketingExpenses": 0,
    "sellingGeneralAndAdministrativeExpenses": 12101000000,
    "otherExpenses": -302000000,
    "operatingExpenses": 15223000000,
    "costAndExpenses": 231224000000,
    "interestIncome": 2897000000,
    "interestExpense": 3203000000,
    "depreciationAndAmortization": 24993000000,
    "ebitda": 34100000000,
    "ebitdaratio": 0.1459816517,
    "operatingIncome": 2367000000,
    "operatingIncomeRatio": 0.0101330959,
    "totalOtherIncomeExpensesNet": 3239000000,
    "incomeBeforeTax": 5606000000,
    "incomeBeforeTaxRatio": 0.0239992123,
    "incomeTaxExpense": 829000000,
    "netIncome": 4575000000,
    "netIncomeRatio": 0.0195855149,
    "eps": 0.58,
    "epsdiluted": 0.58,
    "weightedAverageShsOut": 7833700000,
    "weightedAverageShsOutDil": 7891700000,
    "link": "https://find-and-update.company-information.service.gov.uk/search/companies?q=Shell+plc",
    "finalLink": "https://find-and-update.company-information.service.gov.uk/search/companies?q=Shell+plc"
  },
  {
    "date": "2015-12-31",
    "symbol": "SHEL",
    "reportedCurrency": "USD",
    "cik": "0001306965",
    "fillingDate": "2015-12-31",
    "acceptedDate": "2015-12-30 19:00:00",
    "calendarYear": "2015",
    "period": "FY",
    "revenue": 264960000000,
    "costOfRevenue": 249453000000,
    "grossProfit": 15507000000,
    "grossProfitRatio": 0.0585258152,
    "researchAndDevelopmentExpenses": 1093000000,
    "generalAndAdministrativeExpenses": 11956000000,
    "sellingAndMarketingExpenses": 0,
    "sellingGeneralAndAdministrativeExpenses": 11956000000,
    "otherExpenses": 5719000000,
    "operatingExpenses": 18768000000,
    "costAndExpenses": 268221000000,
    "interestIncome": 3669000000,
    "interestExpense": 1888000000,
    "depreciationAndAmortization": 26714000000,
    "ebitda": 30686000000,
    "ebitdaratio": 0.1158137077,
    "operatingIncome": -3261000000,
    "operatingIncomeRatio": -0.0123075181,
    "totalOtherIncomeExpensesNet": 5308000000,
    "incomeBeforeTax": 2047000000,
    "incomeBeforeTaxRatio": 0.0077256944,
    "incomeTaxExpense": -153000000,
    "netIncome": 1939000000,
    "netIncomeRatio": 0.0073180857,
    "eps": 0.31,
    "epsdiluted": 0.3,
    "weightedAverageShsOut": 6320300000,
    "weightedAverageShsOutDil": 6393800000,
    "link": "https://find-and-update.company-information.service.gov.uk/search/companies?q=Shell+plc",
    "finalLink": "https://find-and-update.company-information.service.gov.uk/search/companies?q=Shell+plc"
  }
]