[
  {
    "date": "2024-12-29",
    "symbol": "JNJ",
    "reportedCurrency": "USD",
    "cik": "0000200406",
    "fillingDate": "2025-02-13",
    "acceptedDate": "2025-02-13 16:07:39",
    "calendarYear": "2024",
    "period": "Q4",
    "revenue": 22520000000,
    "costOfRevenue": 7128000000,
    "grossProfit": 15392000000,
    "grossProfitRatio": 0.6834813499,
    "researchAndDevelopmentExpenses": 5298000000,
    "generalAndAdministrativeExpenses": 6253000000,
    "sellingAndMarketingExpenses": 0,
    "sellingGeneralAndAdministrativeExpenses": 6253000000,
    "otherExpenses": 0,
    "operatingExpenses": 11551000000,
    "costAndExpenses": 18679000000,
    "interestIncome": 281000000,
    "interestExpense": 137000000,
    "depreciationAndAmortization": 1896000000,
    "ebitda": 5920000000,
    "ebitdaratio": 0.2628774423,
    "operatingIncome": 3841000000,
    "operatingIncomeRatio": 0.1705595027,
    "totalOtherIncomeExpensesNet": 46000000,
    "incomeBeforeTax": 3887000000,
    "incomeBeforeTaxRatio": 0.1726021314,
    "incomeTaxExpense": 456000000,
    "netIncome": 3431000000,
    "netIncomeRatio": 0.1523534636,
    "eps": 1.43,
    "epsdiluted": 1.41,
    "weightedAverageShsOut": 2406922000,
    "weightedAverageShsOutDil": 2427100000,
    "link": "https://www.sec.gov/Archives/edgar/data/200406/000020040625000038/0000200406-25-000038-index.htm",
    "finalLink": "https://www.sec.gov/Archives/edgar/data/200406/000020040625000038/jnj-20241229.htm"
  },
  {
    "date": "2024-09-29",
    "symbol": "JNJ",
    "reportedCurrency": "USD",
    "cik": "0000200406",
    "fillingDate": "2024-10-23",
    "acceptedDate": "2024-10-23 16:02:27",
    "calendarYear": "2024",
    "period": "Q3",
    "revenue": 22471000000,
    "costOfRevenue": 6963000000,
    "grossProfit": 15508000000,
    "grossProfitRatio": 0.6901339504,
    "researchAndDevelopmentExpenses": 4952000000,
    "generalAndAdministrativeExpenses": 5278000000,
    "sellingAndMarketingExpenses": 0,
    "sellingGeneralAndAdministrativeExpenses": 5278000000,
    "otherExpenses": 0,
    "operatingExpenses": 10230000000,
    "costAndExpenses": 17193000000,
    "interestIncome": 292000000,
    "interestExpense": 193000000,
    "depreciationAndAmortization": 1846000000,
    "ebitda": 5377000000,
    "ebitdaratio": 0.2392861911,
    "operatingIncome": 5278000000,
    "operatingIncomeRatio": 0.2348805127,
    "totalOtherIncomeExpensesNet": -1940000000,
    "incomeBeforeTax": 3338000000,
    "incomeBeforeTaxRatio": 0.1485470162,
    "incomeTaxExpense": 644000000,
    "netIncome": 2694000000,
    "netIncomeRatio": 0.1198878555,
    "eps": 1.12,
    "epsdiluted": 1.11,
    "weightedAverageShsOut": 2407298000,
    "weightedAverageShsOutDil": 2427900000,
    "link": "https://www.sec.gov/Archives/edgar/data/200406/000020040624000096/0000200406-24-000096-index.htm",
    "finalLink": "https://www.sec.gov/Archives/edgar/data/200406/000020040624000096/jnj-20240929.htm"
  },
  {
    "date": "2024-06-30",
    "symbol": "JNJ",
    "reportedCurrency": "USD",
    "cik": "0000200406",
    "fillingDate": "2024-07-25",
    "acceptedDate": "2024-07-25 16:02:29",
    "calendarYear": "2024",
    "period": "Q2",
    "revenue": 22447000000,
    "costOfRevenue": 6869000000,
    "grossProfit": 15578000000,
    "grossProfitRatio": 0.6939902882,
    "researchAndDevelopmentExpenses": 3440000000,
    "generalAndAdministrativeExpenses": 5481000000,
    "sellingAndMarketingExpenses": 0,
    "sellingGeneralAndAdministrativeExpenses": 5481000000,
    "otherExpenses": 0,
    "operatingExpenses": 8921000000,
    "costAndExpenses": 15790000000,
    "interestIncome": 395000000,
    "interestExpense": 270000000,
    "depreciationAndAmortization": 1782000000,
    "ebitda": 7800000000,
    "ebitdaratio": 0.3474851873,
    "operatingIncome": 6657000000,
    "operatingIncomeRatio": 0.2965652426,
    "totalOtherIncomeExpensesNet": -909000000,
    "incomeBeforeTax": 5748000000,
    "incomeBeforeTaxRatio": 0.2560698534,
    "incomeTaxExpense": 1062000000,
    "netIncome": 4686000000,
    "netIncomeRatio": 0.2087584087,
    "eps": 1.95,
    "epsdiluted": 1.93,
    "weightedAverageShsOut": 2406800000,
    "weightedAverageShsOutDil": 2422000000,
    "link": "https://www.sec.gov/Archives/edgar/data/200406/000020040624000075/0000200406-24-000075-index.htm",
    "finalLink": "https://www.sec.gov/Archives/edgar/data/200406/000020040624000075/jnj-20240630.htm"
  },
  {
    "date": "2024-03-31",
    "symbol": "JNJ",
    "reportedCurrency": "USD",
    "cik": "0000200406",
    "fillingDate": "2024-05-01",
    "acceptedDate": "2024-05-01 07:09:36",
    "calendarYear": "2024",
    "period": "Q1",
    "revenue": 21383000000,
    "costOfRevenue": 6511000000,
    "grossProfit": 14872000000,
    "grossProfitRatio": 0.6955057756,
    "researchAndDevelopmentExpenses": 3542000000,
    "generalAndAdministrativeExpenses": 5057000000,
    "sellingAndMarketingExpenses": 0,
    "sellingGeneralAndAdministrativeExpenses": 5057000000,
    "otherExpenses": 0,
    "operatingExpenses": 8599000000,
    "costAndExpenses": 15110000000,
    "interestIncome": 364000000,
    "interestExpense": 155000000,
    "depreciationAndAmortization": 1815000000,
    "ebitda": 5684000000,
    "ebitdaratio": 0.265818641,
    "operatingIncome": 6273000000,
    "operatingIncomeRatio": 0.2933638872,
    "totalOtherIncomeExpensesNet": -2559000000,
    "incomeBeforeTax": 3714000000,
    "incomeBeforeTaxRatio": 0.1736893794,
    "incomeTaxExpense": 459000000,
    "netIncome": 3255000000,
    "netIncomeRatio": 0.1522237291,
    "eps": 2.2,
    "epsdiluted": 2.2,
    "weightedAverageShsOut": 2408200000,
    "weightedAverageShsOutDil": 2430100000,
    "link": "https://www.sec.gov/Archives/edgar/data/200406/000020040624000049/0000200406-24-000049-index.htm",
    "finalLink": "https://www.sec.gov/Archives/edgar/data/200406/000020040624000049/jnj-20240331.htm"
  },
  {
    "date": "2023-12-31",
    "symbol": "JNJ",
    "reportedCurrency": "USD",
    "cik": "0000200406",
    "fillingDate": "2024-02-16",
    "acceptedDate": "2024-02-16 16:12:22",
    "calendarYear": "2023",
    "period": "Q4",
    "revenue": 21395000000,
    "costOfRevenue": 6798000000,
    "grossProfit": 14597000000,
    "grossProfitRatio": 0.6822622108,
    "researchAndDevelopmentExpenses": 4480000000,
    "generalAndAdministrativeExpenses": 5510000000,
    "sellingAndMarketingExpenses": 0,
    "sellingGeneralAndAdministrativeExpenses": 5510000000,
    "otherExpenses": 0,
    "operatingExpenses": 9990000000,
    "costAndExpenses": 16788000000,
    "interestIncome": 363000000,
    "interestExpense": 151000000,
    "depreciationAndAmortization": 1843000000,
    "ebitda": 6820000000,
    "ebitdaratio": 0.3187660668,
    "operatingIncome": 4607000000,
    "operatingIncomeRatio": 0.2153306847,
    "totalOtherIncomeExpensesNet": 219000000,
    "incomeBeforeTax": 4826000000,
    "incomeBeforeTaxRatio": 0.2255667212,
    "incomeTaxExpense": 694000000,
    "netIncome": 4049000000,
    "netIncomeRatio": 0.1892498247,
    "eps": 1.68,
    "epsdiluted": 1.67,
    "weightedAverageShsOut": 2407200000,
    "weightedAverageShsOutDil": 2430700000,
    "link": "https://www.sec.gov/Archives/edgar/data/200406/000020040624000013/0000200406-24-000013-index.htm",
    "finalLink": "https://www.sec.gov/Archives/edgar/data/200406/000020040624000013/jnj-20231231.htm"
  },
  {
    "date": "2023-10-01",
    "symbol": "JNJ",
    "reportedCurrency": "USD",
    "cik": "0000200406",
    "fillingDate": "2023-10-27",
    "acceptedDate": "2023-10-27 16:11:34",
    "calendarYear": "2023",
    "period": "Q3",
    "revenue": 21351000000,
    "costOfRevenue": 6606000000,
    "grossProfit": 14745000000,
    "grossProfitRatio": 0.6905999719,
    "researchAndDevelopmentExpenses": 3447000000,
    "generalAndAdministrativeExpenses": 5100000000,
    "sellingAndMarketingExpenses": 0,
    "sellingGeneralAndAdministrativeExpenses": 5100000000,
    "otherExpenses": 0,
    "operatingExpenses": 8547000000,
    "costAndExpenses": 15153000000,
    "interestIncome": 374000000,
    "interestExpense": 192000000,
    "depreciationAndAmortization": 1829000000,
    "ebitda": 7238000000,
    "ebitdaratio": 0.3390005152,
    "operatingIncome": 6198000000,
    "operatingIncomeRatio": 0.2902908529,
    "totalOtherIncomeExpensesNet": -981000000,
    "incomeBeforeTax": 5217000000,
    "incomeBeforeTaxRatio": 0.2443445272,
    "incomeTaxExpense": 908000000,
    "netIncome": 26028000000,
    "netIncomeRatio": 1.2190529718,
    "eps": 10.32,
    "epsdiluted": 10.21,
    "weightedAverageShsOut": 2522900000,
    "weightedAverageShsOutDil": 2549700000,
    "link": "https://www.sec.gov/Archives/edgar/data/200406/000020040623000102/0000200406-23-000102-index.htm",
    "finalLink": "https://www.sec.gov/Archives/edgar/data/200406/000020040623000102/jnj-20231001.htm"
  },
  {
    "date": "2023-07-02",
    "symbol": "JNJ",
    "reportedCurrency": "USD",
    "cik": "0000200406",
    "fillingDate": "2023-07-31",
    "acceptedDate": "2023-07-31 16:06:04",
    "calendarYear": "2023",
    "period": "Q2",
    "revenue": 21519000000,
    "costOfRevenue": 6462000000,
    "grossProfit": 15057000000,
    "grossProfitRatio": 0.6997072355,
    "researchAndDevelopmentExpenses": 3703000000,
    "generalAndAdministrativeExpenses": 4996000000,
    "sellingAndMarketingExpenses": 0,
    "sellingGeneralAndAdministrativeExpenses": 4996000000,
    "otherExpenses": 0,
    "operatingExpenses": 8699000000,
    "costAndExpenses": 15161000000,
    "interestIncome": 326000000,
    "interestExpense": 217000000,
    "depreciationAndAmortization": 1934000000,
    "ebitda": 8457000000,
    "ebitdaratio": 0.3930015335,
    "operatingIncome": 6358000000,
    "operatingIncomeRatio": 0.2954598262,
    "totalOtherIncomeExpensesNet": -52000000,
    "incomeBeforeTax": 6306000000,
    "incomeBeforeTaxRatio": 0.293043357,
    "incomeTaxExpense": 930000000,
    "netIncome": 5144000000,
    "netIncomeRatio": 0.2390445653,
    "eps": 1.98,
    "epsdiluted": 1.96,
    "weightedAverageShsOut": 2598400000,
    "weightedAverageShsOutDil": 2625700000,
    "link": "https://www.sec.gov/Archives/edgar/data/200406/000020040623000082/0000200406-23-000082-index.htm",
    "finalLink": "https://www.sec.gov/Archives/edgar/data/200406/000020040623000082/jnj-20230702.htm"
  },
  {
    "date": "2023-04-02",
    "symbol": "JNJ",
    "reportedCurrency": "USD",
    "cik": "0000200406",
    "fillingDate": "2023-04-28",
    "acceptedDate": "2023-04-28 16:07:02",
    "calendarYear": "2023",
    "period": "Q1",
    "revenue": 20894000000,
    "costOfRevenue": 6687000000,
    "grossProfit": 14207000000,
    "grossProfitRatio": 0.6799559682,
    "researchAndDevelopmentExpenses": 3455000000,
    "generalAndAdministrativeExpenses": 4506000000,
    "sellingAndMarketingExpenses": 0,
    "sellingGeneralAndAdministrativeExpenses": 4506000000,
    "otherExpenses": 0,
    "operatingExpenses": 7961000000,
    "costAndExpenses": 14648000000,
    "interestIncome": 198000000,
    "interestExpense": 212000000,
    "depreciationAndAmortization": 1880000000,
    "ebitda": 805000000,
    "ebitdaratio": 0.038527807,
    "operatingIncome": 6246000000,
    "operatingIncomeRatio": 0.298937494,
    "totalOtherIncomeExpensesNet": -7533000000,
    "incomeBeforeTax": -1287000000,
    "incomeBeforeTaxRatio": -0.0615966306,
    "incomeTaxExpense": -796000000,
    "netIncome": -68000000,
    "netIncomeRatio": -0.0032545228,
    "eps": -0.03,
    "epsdiluted": -0.03,
    "weightedAverageShsOut": 2605500000,
    "weightedAverageShsOutDil": 2605500000,
    "link": "https://www.sec.gov/Archives/edgar/data/200406/000020040623000056/0000200406-23-000056-index.htm",
    "finalLink": "https://www.sec.gov/Archives/edgar/data/200406/000020040623000056/jnj-20230402.htm"
  },
  {
    "date": "2023-01-01",
    "symbol": "JNJ",
    "reportedCurrency": "USD",
    "cik": "0000200406",
    "fillingDate": "2023-02-16",
    "acceptedDate": "2023-02-16 16:01:53",
    "calendarYear": "2022",
    "period": "Q4",
    "revenue": 23706000000,
    "costOfRevenue": 7765000000,
    "grossProfit": 15941000000,
    "grossProfitRatio": 0.6724457943,
    "researchAndDevelopmentExpenses": 4624000000,
    "generalAndAdministrativeExpenses": 7412000000,
    "sellingAndMarketingExpenses": 0,
    "sellingGeneralAndAdministrativeExpenses": 7412000000,
    "otherExpenses": 0,
    "operatingExpenses": 12036000000,
    "costAndExpenses": 19801000000,
    "interestIncome": 254000000,
    "interestExpense": 177000000,
    "depreciationAndAmortization": 1772000000,
    "ebitda": 6150000000,
    "ebitdaratio": 0.2594279929,
    "operatingIncome": 3905000000,
    "operatingIncomeRatio": 0.1647262296,
    "totalOtherIncomeExpensesNet": 296000000,
    "incomeBeforeTax": 4201000000,
    "incomeBeforeTaxRatio": 0.17721252,
    "incomeTaxExpense": 681000000,
    "netIncome": 3520000000,
    "netIncomeRatio": 0.1484856155,
    "eps": 1.35,
    "epsdiluted": 1.33,
    "weightedAverageShsOut": 2613597000,
    "weightedAverageShsOutDil": 2663900000,
    "link": "https://www.sec.gov/Archives/edgar/data/200406/000020040623000016/0000200406-23-000016-index.htm",
    "finalLink": "https://www.sec.gov/Archives/edgar/data/200406/000020040623000016/jnj-20230101.htm"
  },
  {
    "date": "2022-10-02",
    "symbol": "JNJ",
    "reportedCurrency": "USD",
    "cik": "0000200406",
    "fillingDate": "2022-10-27",
    "acceptedDate": "2022-10-27 16:02:59",
    "calendarYear": "2022",
    "period": "Q3",
    "revenue": 19996000000,
    "costOfRevenue": 6172000000,
    "grossProfit": 13824000000,
    "grossProfitRatio": 0.6913382677,
    "researchAndDevelopmentExpenses": 3485000000,
    "generalAndAdministrativeExpenses": 4675000000,
    "sellingAndMarketingExpenses": 0,
    "sellingGeneralAndAdministrativeExpenses": 4675000000,
    "otherExpenses": 0,
    "operatingExpenses": 8160000000,
    "costAndExpenses": 14332000000,
    "interestIncome": 150000000,
    "interestExpense": 51000000,
    "depreciationAndAmortization": 1685000000,
    "ebitda": 6908000000,
    "ebitdaratio": 0.3454690938,
    "operatingIncome": 5664000000,
    "operatingIncomeRatio": 0.2832566513,
    "totalOtherIncomeExpensesNet": -492000000,
    "incomeBeforeTax": 5172000000,
    "incomeBeforeTaxRatio": 0.2586517303,
    "incomeTaxExpense": 862000000,
    "netIncome": 4458000000,
    "netIncomeRatio": 0.2229445889,
    "eps": 1.7,
    "epsdiluted": 1.68,
    "weightedAverageShsOut": 2616882000,
    "weightedAverageShsOutDil": 2661300000,
    "link": "https://www.sec.gov/Archives/edgar/data/200406/000020040622000086/0000200406-22-000086-index.htm",
    "finalLink": "https://www.sec.gov/Archives/edgar/data/200406/000020040622000086/jnj-20221002.htm"
  },
  {
    "date": "2022-07-03",
    "symbol": "JNJ",
    "reportedCurrency": "USD",
    "cik": "0000200406",
    "fillingDate": "2022-07-29",
    "acceptedDate": "2022-07-29 16:14:39",
    "calendarYear": "2022",
    "period": "Q2",
    "revenue": 24020000000,
    "costOfRevenue": 7919000000,
    "grossProfit": 16101000000,
    "grossProfitRatio": 0.670316403,
    "researchAndDevelopmentExpenses": 3703000000,
    "generalAndAdministrativeExpenses": 5926000000,
    "sellingAndMarketingExpenses": 0,
    "sellingGeneralAndAdministrativeExpenses": 5926000000,
    "otherExpenses": 0,
    "operatingExpenses": 9629000000,
    "costAndExpenses": 17548000000,
    "interestIncome": 64000000,
    "interestExpense": 38000000,
    "depreciationAndAmortization": 1744000000,
    "ebitda": 7622000000,
    "ebitdaratio": 0.3173189009,
    "operatingIncome": 6472000000,
    "operatingIncomeRatio": 0.2694421316,
    "totalOtherIncomeExpensesNet": -632000000,
    "incomeBeforeTax": 5840000000,
    "incomeBeforeTaxRatio": 0.2431307244,
    "incomeTaxExpense": 1026000000,
    "netIncome": 4814000000,
    "netIncomeRatio": 0.2004163197,
    "eps": 1.83,
    "epsdiluted": 1.8,
    "weightedAverageShsOut": 2629032000,
    "weightedAverageShsOutDil": 2667900000,
    "link": "https://www.sec.gov/Archives/edgar/data/200406/000020040622000071/0000200406-22-000071-index.htm",
    "finalLink": "https://www.sec.gov/Archives/edgar/data/200406/000020040622000071/jnj-20220703.htm"
  },
  {
    "date": "2022-04-03",
    "symbol": "JNJ",
    "reportedCurrency": "USD",
    "cik": "0000200406",
    "fillingDate": "2022-04-29",
    "acceptedDate": "2022-04-29 16:08:24",
    "calendarYear": "2022",
    "period": "Q1",
    "revenue": 23426000000,
    "costOfRevenue": 7598000000,
    "grossProfit": 15828000000,
    "grossProfitRatio": 0.6756595236,
    "researchAndDevelopmentExpenses": 4072000000,
    "generalAndAdministrativeExpenses": 5638000000,
    "sellingAndMarketingExpenses": 0,
    "sellingGeneralAndAdministrativeExpenses": 5638000000,
    "otherExpenses": 0,
    "operatingExpenses": 9710000000,
    "costAndExpenses": 17308000000,
    "interestIncome": 22000000,
    "interestExpense": 10000000,
    "depreciationAndAmortization": 1769000000,
    "ebitda": 7641000000,
    "ebitdaratio": 0.3261760437,
    "operatingIncome": 6118000000,
    "operatingIncomeRatio": 0.2611628106,
    "totalOtherIncomeExpensesNet": -256000000,
    "incomeBeforeTax": 5862000000,
    "incomeBeforeTaxRatio": 0.2502347819,
    "incomeTaxExpense": 713000000,
    "netIncome": 5149000000,
    "netIncomeRatio": 0.2197985145,
    "eps": 1.96,
    "epsdiluted": 1.93,
    "weightedAverageShsOut": 2629384000,
    "weightedAverageShsOutDil": 2666500000,
    "link": "https://www.sec.gov/Archives/edgar/data/200406/000020040622000048/0000200406-22-000048-index.htm",
    "finalLink": "https://www.sec.gov/Archives/edgar/data/200406/000020040622000048/jnj-20220403.htm"
  },
  {
    "date": "2022-01-02",
    "symbol": "JNJ",
    "reportedCurrency": "USD",
    "cik": "0000200406",
    "fillingDate": "2022-02-17",
    "acceptedDate": "2022-02-17 16:06:50",
    "calendarYear": "2021",
    "period": "Q4",
    "revenue": 24804000000,
    "costOfRevenue": 7955000000,
    "grossProfit": 16849000000,
    "grossProfitRatio": 0.6792855991,
    "researchAndDevelopmentExpenses": 4720000000,
    "generalAndAdministrativeExpenses": 7654000000,
    "sellingAndMarketingExpenses": 0,
    "sellingGeneralAndAdministrativeExpenses": 7654000000,
    "otherExpenses": 0,
    "operatingExpenses": 12374000000,
    "costAndExpenses": 20329000000,
    "interestIncome": 13000000,
    "interestExpense": 60000000,
    "depreciationAndAmortization": 1843000000,
    "ebitda": 6739000000,
    "ebitdaratio": 0.27169005,
    "operatingIncome": 4475000000,
    "operatingIncomeRatio": 0.1804144493,
    "totalOtherIncomeExpensesNet": 361000000,
    "incomeBeforeTax": 4836000000,
    "incomeBeforeTaxRatio": 0.1949685535,
    "incomeTaxExpense": 100000000,
    "netIncome": 4736000000,
    "netIncomeRatio": 0.1909369457,
    "eps": 1.8,
    "epsdiluted": 1.77,
    "weightedAverageShsOut": 2628965000,
    "weightedAverageShsOutDil": 2670200000,
    "link": "https://www.sec.gov/Archives/edgar/data/200406/000020040622000022/0000200406-22-000022-index.htm",
    "finalLink": "https://www.sec.gov/Archives/edgar/data/200406/000020040622000022/jnj-20220102.htm"
  },
  {
    "date": "2021-10-03",
    "symbol": "JNJ",
    "reportedCurrency": "USD",
    "cik": "0000200406",
    "fillingDate": "2021-10-29",
    "acceptedDate": "2021-10-29 16:05:20",
    "calendarYear": "2021",
    "period": "Q3",
    "revenue": 23338000000,
    "costOfRevenue": 7250000000,
    "grossProfit": 16088000000,
    "grossProfitRatio": 0.6893478447,
    "researchAndDevelopmentExpenses": 3422000000,
    "generalAndAdministrativeExpenses": 5800000000,
    "sellingAndMarketingExpenses": 0,
    "sellingGeneralAndAdministrativeExpenses": 5800000000,
    "otherExpenses": 0,
    "operatingExpenses": 9222000000,
    "costAndExpenses": 16472000000,
    "interestIncome": 13000000,
    "interestExpense": 20000000,
    "depreciationAndAmortization": 1814000000,
    "ebitda": 5683000000,
    "ebitdaratio": 0.2435084412,
    "operatingIncome": 6866000000,
    "operatingIncomeRatio": 0.2941983032,
    "totalOtherIncomeExpensesNet": -3017000000,
    "incomeBeforeTax": 3849000000,
    "incomeBeforeTaxRatio": 0.164924158,
    "incomeTaxExpense": 182000000,
    "netIncome": 3667000000,
    "netIncomeRatio": 0.1571257177,
    "eps": 1.39,
    "epsdiluted": 1.37,
    "weightedAverageShsOut": 2632600000,
    "weightedAverageShsOutDil": 2674900000,
    "link": "https://www.sec.gov/Archives/edgar/data/200406/000020040621000070/0000200406-21-000070-index.htm",
    "finalLink": "https://www.sec.gov/Archives/edgar/data/200406/000020040621000070/jnj-20211003.htm"
  },
  {
    "date": "2021-07-04",
    "symbol": "JNJ",
    "reportedCurrency": "USD",
    "cik": "0000200406",
    "fillingDate": "2021-07-29",
    "acceptedDate": "2021-07-29 16:07:51",
    "calendarYear": "2021",
    "period": "Q2",
    "revenue": 23312000000,
    "costOfRevenue": 7587000000,
    "grossProfit": 15725000000,
    "grossProfitRatio": 0.6745452986,
    "researchAndDevelopmentExpenses": 3394000000,
    "generalAndAdministrativeExpenses": 5973000000,
    "sellingAndMarketingExpenses": 0,
    "sellingGeneralAndAdministrativeExpenses": 5973000000,
    "otherExpenses": 0,
    "operatingExpenses": 9367000000,
    "costAndExpenses": 16954000000,
    "interestIncome": 12000000,
    "interestExpense": 40000000,
    "depreciationAndAmortization": 1839000000,
    "ebitda": 8541000000,
    "ebitdaratio": 0.3663778312,
    "operatingIncome": 6358000000,
    "operatingIncomeRatio": 0.2727350721,
    "totalOtherIncomeExpensesNet": 304000000,
    "incomeBeforeTax": 6662000000,
    "incomeBeforeTaxRatio": 0.2857755662,
    "incomeTaxExpense": 384000000,
    "netIncome": 6278000000,
    "netIncomeRatio": 0.2693033631,
    "eps": 2.38,
    "epsdiluted": 2.35,
    "weightedAverageShsOut": 2631989000,
    "weightedAverageShsOutDil": 2671600000,
    "link": "https://www.sec.gov/Archives/edgar/data/200406/000020040621000057/0000200406-21-000057-index.htm",
    "finalLink": "https://www.sec.gov/Archives/edgar/data/200406/000020040621000057/jnj-20210704.htm"
  },
  {
    "date": "2021-04-04",
    "symbol": "JNJ",
    "reportedCurrency": "USD",
    "cik": "0000200406",
    "fillingDate": "2021-04-30",
    "acceptedDate": "2021-04-30 16:04:02",
    "calendarYear": "2021",
    "period": "Q1",
    "revenue": 22321000000,
    "costOfRevenue": 7063000000,
    "grossProfit": 15258000000,
    "grossProfitRatio": 0.6835715246,
    "researchAndDevelopmentExpenses": 3178000000,
    "generalAndAdministrativeExpenses": 5232000000,
    "sellingAndMarketingExpenses": 0,
    "sellingGeneralAndAdministrativeExpenses": 5232000000,
    "otherExpenses": 0,
    "operatingExpenses": 8410000000,
    "costAndExpenses": 15473000000,
    "interestIncome": 15000000,
    "interestExpense": 63000000,
    "depreciationAndAmortization": 1894000000,
    "ebitda": 9386000000,
    "ebitdaratio": 0.4205008736,
    "operatingIncome": 6848000000,
    "operatingIncomeRatio": 0.3067962905,
    "totalOtherIncomeExpensesNet": 581000000,
    "incomeBeforeTax": 7429000000,
    "incomeBeforeTaxRatio": 0.3328255903,
    "incomeTaxExpense": 1232000000,
    "netIncome": 6197000000,
    "netIncomeRatio": 0.2776309305,
    "eps": 2.35,
    "epsdiluted": 2.32,
    "weightedAverageShsOut": 2632702000,
    "weightedAverageShsOutDil": 2672700000,
    "link": "https://www.sec.gov/Archives/edgar/data/200406/000020040621000036/0000200406-21-000036-index.htm",
    "finalLink": "https://www.sec.gov/Archives/edgar/data/200406/000020040621000036/jnj-20210404.htm"
  },
  {
    "date": "2021-01-03",
    "symbol": "JNJ",
    "reportedCurrency": "USD",
    "cik": "0000200406",
    "fillingDate": "2021-02-22",
    "acceptedDate": "2021-02-22 16:36:14",
    "calendarYear": "2020",
    "period": "Q4",
    "revenue": 22475000000,
    "costOfRevenue": 7814000000,
    "grossProfit": 14661000000,
    "grossProfitRatio": 0.6523248053,
    "researchAndDevelopmentExpenses": 4032000000,
    "generalAndAdministrativeExpenses": 6457000000,
    "sellingAndMarketingExpenses": 0,
    "sellingGeneralAndAdministrativeExpenses": 6457000000,
    "otherExpenses": 0,
    "operatingExpenses": 10489000000,
    "costAndExpenses": 18303000000,
    "interestIncome": 13000000,
    "interestExpense": 87000000,
    "depreciationAndAmortization": 1940000000,
    "ebitda": 3674000000,
    "ebitdaratio": 0.1634705228,
    "operatingIncome": 4172000000,
    "operatingIncomeRatio": 0.1856284761,
    "totalOtherIncomeExpensesNet": -2525000000,
    "incomeBeforeTax": 1647000000,
    "incomeBeforeTaxRatio": 0.0732814238,
    "incomeTaxExpense": -91000000,
    "netIncome": 1738000000,
    "netIncomeRatio": 0.0773303671,
    "eps": 0.66,
    "epsdiluted": 0.65,
    "weightedAverageShsOut": 2632512000,
    "weightedAverageShsOutDil": 2669200000,
    "link": "https://www.sec.gov/Archives/edgar/data/200406/000020040621000008/0000200406-21-000008-index.htm",
    "finalLink": "https://www.sec.gov/Archives/edgar/data/200406/000020040621000008/jnj-20210103.htm"
  },
  {
    "date": "2020-09-27",
    "symbol": "JNJ",
    "reportedCurrency": "USD",
    "cik": "0000200406",
    "fillingDate": "2020-10-23",
    "acceptedDate": "2020-10-23 16:06:01",
    "calendarYear": "2020",
    "period": "Q3",
    "revenue": 21082000000,
    "costOfRevenue": 6972000000,
    "grossProfit": 14110000000,
    "grossProfitRatio": 0.6692913386,
    "researchAndDevelopmentExpenses": 2840000000,
    "generalAndAdministrativeExpenses": 5331000000,
    "sellingAndMarketingExpenses": 0,
    "sellingGeneralAndAdministrativeExpenses": 5331000000,
    "otherExpenses": 0,
    "operatingExpenses": 8171000000,
    "costAndExpenses": 15143000000,
    "interestIncome": 12000000,
    "interestExpense": 44000000,
    "depreciationAndAmortization": 1818000000,
    "ebitda": 6263000000,
    "ebitdaratio": 0.2970780761,
    "operatingIncome": 5939000000,
    "operatingIncomeRatio": 0.2817095152,
    "totalOtherIncomeExpensesNet": -1538000000,
    "incomeBeforeTax": 4401000000,
    "incomeBeforeTaxRatio": 0.208756285,
    "incomeTaxExpense": 847000000,
    "netIncome": 3554000000,
    "netIncomeRatio": 0.1685798311,
    "eps": 1.35,
    "epsdiluted": 1.33,
    "weightedAverageShsOut": 2632167000,
    "weightedAverageShsOutDil": 2669300000,
    "link": "https://www.sec.gov/Archives/edgar/data/200406/000020040620000056/0000200406-20-000056-index.htm",
    "finalLink": "https://www.sec.gov/Archives/edgar/data/200406/000020040620000056/jnj-20200927.htm"
  },
  {
    "date": "2020-06-28",
    "symbol": "JNJ",
    "reportedCurrency": "USD",
    "cik": "0000200406",
    "fillingDate": "2020-07-24",
    "acceptedDate": "2020-07-24 16:04:36",
    "calendarYear": "2020",
    "period": "Q2",
    "revenue": 18336000000,
    "costOfRevenue": 6579000000,
    "grossProfit": 11757000000,
    "grossProfitRatio": 0.641197644,
    "researchAndDevelopmentExpenses": 2707000000,
    "generalAndAdministrativeExpenses": 4893000000,
    "sellingAndMarketingExpenses": 0,
    "sellingGeneralAndAdministrativeExpenses": 4893000000,
    "otherExpenses": 0,
    "operatingExpenses": 7600000000,
    "costAndExpenses": 14179000000,
    "interestIncome": 19000000,
    "interestExpense": 45000000,
    "depreciationAndAmortization": 1726000000,
    "ebitda": 5711000000,
    "ebitdaratio": 0.3114637871,
    "operatingIncome": 4157000000,
    "operatingIncomeRatio": 0.2267124782,
    "totalOtherIncomeExpensesNet": -217000000,
    "incomeBeforeTax": 3940000000,
    "incomeBeforeTaxRatio": 0.214877836,
    "incomeTaxExpense": 314000000,
    "netIncome": 3626000000,
    "netIncomeRatio": 0.1977530541,
    "eps": 1.38,
    "epsdiluted": 1.36,
    "weightedAverageShsOut": 2632377000,
    "weightedAverageShsOutDil": 2665500000,
    "link": "https://www.sec.gov/Archives/edgar/data/200406/000020040620000050/0000200406-20-000050-index.htm",
    "finalLink": "https://www.sec.gov/Archives/edgar/data/200406/000020040620000050/jnj-20200628.htm"
  },
  {
    "date": "2020-03-29",
    "symbol": "JNJ",
    "reportedCurrency": "USD",
    "cik": "0000200406",
    "fillingDate": "2020-04-29",
    "acceptedDate": "2020-04-29 16:46:01",
    "calendarYear": "2020",
    "period": "Q1",
    "revenue": 20691000000,
    "costOfRevenue": 7062000000,
    "grossProfit": 13629000000,
    "grossProfitRatio": 0.658692185,
    "researchAndDevelopmentExpenses": 2580000000,
    "generalAndAdministrativeExpenses": 5203000000,
    "sellingAndMarketingExpenses": 0,
    "sellingGeneralAndAdministrativeExpenses": 5203000000,
    "otherExpenses": 0,
    "operatingExpenses": 7783000000,
    "costAndExpenses": 14845000000,
    "interestIncome": 67000000,
    "interestExpense": 25000000,
    "depreciationAndAmortization": 1747000000,
    "ebitda": 8281000000,
    "ebitdaratio": 0.4002223189,
    "operatingIncome": 5846000000,
    "operatingIncomeRatio": 0.2825383017,
    "totalOtherIncomeExpensesNet": 663000000,
    "incomeBeforeTax": 6509000000,
    "incomeBeforeTaxRatio": 0.3145812189,
    "incomeTaxExpense": 713000000,
    "netIncome": 5796000000,
    "netIncomeRatio": 0.2801217921,
    "eps": 2.2,
    "epsdiluted": 2.17,
    "weightedAverageShsOut": 2632392000,
    "weightedAverageShsOutDil": 2671000000,
    "link": "https://www.sec.gov/Archives/edgar/data/200406/000020040620000035/0000200406-20-000035-index.htm",
    "finalLink": "https://www.sec.gov/Archives/edgar/data/200406/000020040620000035/a1q10q03-29x20.htm"
  }
]