[
  {
    "date": "2025-01-25",
    "symbol": "CSCO",
    "reportedCurrency": "USD",
    "cik": "0000858877",
    "fillingDate": "2025-02-18",
    "acceptedDate": "2025-02-18 16:34:49",
    "calendarYear": "2025",
    "period": "Q2",
    "revenue": 13991000000,
    "costOfRevenue": 4880000000,
    "grossProfit": 9111000000,
    "grossProfitRatio": 0.6512043457,
    "researchAndDevelopmentExpenses": 2299000000,
    "generalAndAdministrativeExpenses": 752000000,
    "sellingAndMarketingExpenses": 2672000000,
    "sellingGeneralAndAdministrativeExpenses": 3424000000,
    "otherExpenses": 275000000,
    "operatingExpenses": 5998000000,
    "costAndExpenses": 10878000000,
    "interestIncome": 238000000,
    "interestExpense": 404000000,
    "depreciationAndAmortization": 761000000,
    "ebitda": 4052000000,
    "ebitdaratio": 0.2896147523,
    "operatingIncome": 3113000000,
    "operatingIncomeRatio": 0.2225001787,
    "totalOtherIncomeExpensesNet": -226000000,
    "incomeBeforeTax": 2887000000,
    "incomeBeforeTaxRatio": 0.2063469373,
    "incomeTaxExpense": 459000000,
    "netIncome": 2428000000,
    "netIncomeRatio": 0.1735401329,
    "eps": 0.61,
    "epsdiluted": 0.61,
    "weightedAverageShsOut": 3981000000,
    "weightedAverageShsOutDil": 4005000000,
    "link": "https://www.sec.gov/Archives/edgar/data/858877/000085887725000007/0000858877-25-000007-index.htm",
    "finalLink": "https://www.sec.gov/Archives/edgar/data/858877/000085887725000007/csco-20250125.htm"
  },
  {
    "date": "2024-10-26",
    "symbol": "CSCO",
    "reportedCurrency": "USD",
    "cik": "0000858877",
    "fillingDate": "2024-11-19",
    "acceptedDate": "2024-11-19 16:36:14",
    "calendarYear": "2025",
    "period": "Q1",
    "revenue": 13841000000,
    "costOfRevenue": 4720000000,
    "grossProfit": 9121000000,
    "grossProfitRatio": 0.6589841774,
    "researchAndDevelopmentExpenses": 2286000000,
    "generalAndAdministrativeExpenses": 795000000,
    "sellingAndMarketingExpenses": 2752000000,
    "sellingGeneralAndAdministrativeExpenses": 3547000000,
    "otherExpenses": 0,
    "operatingExpenses": 5833000000,
    "costAndExpenses": 11483000000,
    "interestIncome": 286000000,
    "interestExpense": 418000000,
    "depreciationAndAmortization": 789000000,
    "ebitda": 3474000000,
    "ebitdaratio": 0.2509934253,
    "operatingIncome": 2358000000,
    "operatingIncomeRatio": 0.170363413,
    "totalOtherIncomeExpensesNet": -91000000,
    "incomeBeforeTax": 2267000000,
    "incomeBeforeTaxRatio": 0.1637887436,
    "incomeTaxExpense": -444000000,
    "netIncome": 2711000000,
    "netIncomeRatio": 0.1958673506,
    "eps": 0.68,
    "epsdiluted": 0.68,
    "weightedAverageShsOut": 3990000000,
    "weightedAverageShsOutDil": 4013000000,
    "link": "https://www.sec.gov/Archives/edgar/data/858877/000085887724000030/0000858877-24-000030-index.htm",
    "finalLink": "https://www.sec.gov/Archives/edgar/data/858877/000085887724000030/csco-20241026.htm"
  },
  {
    "date": "2024-07-27",
    "symbol": "CSCO",
    "reportedCurrency": "USD",
    "cik": "0000858877",
    "fillingDate": "2024-09-05",
    "acceptedDate": "2024-09-05 16:41:20",
    "calendarYear": "2024",
    "period": "Q4",
    "revenue": 13642000000,
    "costOfRevenue": 4861000000,
    "grossProfit": 8781000000,
    "grossProfitRatio": 0.6436739481,
    "researchAndDevelopmentExpenses": 2179000000,
    "generalAndAdministrativeExpenses": 763000000,
    "sellingAndMarketingExpenses": 2841000000,
    "sellingGeneralAndAdministrativeExpenses": 3602000000,
    "otherExpenses": 382000000,
    "operatingExpenses": 6163000000,
    "costAndExpenses": 11024000000,
    "interestIncome": 270000000,
    "interestExpense": 418000000,
    "depreciationAndAmortization": 823000000,
    "ebitda": 3637000000,
    "ebitdaratio": 0.2666031374,
    "operatingIncome": 2618000000,
    "operatingIncomeRatio": 0.191907345,
    "totalOtherIncomeExpensesNet": -222000000,
    "incomeBeforeTax": 2396000000,
    "incomeBeforeTaxRatio": 0.1756340713,
    "incomeTaxExpense": 234000000,
    "netIncome": 2162000000,
    "netIncomeRatio": 0.1584811611,
    "eps": 0.54,
    "epsdiluted": 0.54,
    "weightedAverageShsOut": 4018004824,
    "weightedAverageShsOutDil": 4035000000,
    "link": "https://www.sec.gov/Archives/edgar/data/858877/000085887724000017/0000858877-24-000017-index.htm",
    "finalLink": "https://www.sec.gov/Archives/edgar/data/858877/000085887724000017/csco-20240727.htm"
  },
  {
    "date": "2024-04-27",
    "symbol": "CSCO",
    "reportedCurrency": "USD",
    "cik": "0000858877",
    "fillingDate": "2024-05-21",
    "acceptedDate": "2024-05-21 16:37:23",
    "calendarYear": "2024",
    "period": "Q3",
    "revenue": 12702000000,
    "costOfRevenue": 4608000000,
    "grossProfit": 8094000000,
    "grossProfitRatio": 0.6372224846,
    "researchAndDevelopmentExpenses": 1948000000,
    "generalAndAdministrativeExpenses": 736000000,
    "sellingAndMarketingExpenses": 2559000000,
    "sellingGeneralAndAdministrativeExpenses": 3262000000,
    "otherExpenses": -118000000,
    "operatingExpenses": 5328000000,
    "costAndExpenses": 9936000000,
    "interestIncome": 411000000,
    "interestExpense": 357000000,
    "depreciationAndAmortization": 861000000,
    "ebitda": 3453000000,
    "ebitdaratio": 0.2718469532,
    "operatingIncome": 2766000000,
    "operatingIncomeRatio": 0.2177609825,
    "totalOtherIncomeExpensesNet": 44000000,
    "incomeBeforeTax": 2235000000,
    "incomeBeforeTaxRatio": 0.1759565423,
    "incomeTaxExpense": 349000000,
    "netIncome": 1886000000,
    "netIncomeRatio": 0.1484805542,
    "eps": 0.47,
    "epsdiluted": 0.46,
    "weightedAverageShsOut": 4042000000,
    "weightedAverageShsOutDil": 4060000000,
    "link": "https://www.sec.gov/Archives/edgar/data/858877/000085887724000007/0000858877-24-000007-index.htm",
    "finalLink": "https://www.sec.gov/Archives/edgar/data/858877/000085887724000007/csco-20240427.htm"
  },
  {
    "date": "2024-01-27",
    "symbol": "CSCO",
    "reportedCurrency": "USD",
    "cik": "0000858877",
    "fillingDate": "2024-02-20",
    "acceptedDate": "2024-02-20 16:37:31",
    "calendarYear": "2024",
    "period": "Q2",
    "revenue": 12791000000,
    "costOfRevenue": 4399000000,
    "grossProfit": 8392000000,
    "grossProfitRatio": 0.6560863107,
    "researchAndDevelopmentExpenses": 1943000000,
    "generalAndAdministrativeExpenses": 642000000,
    "sellingAndMarketingExpenses": 2458000000,
    "sellingGeneralAndAdministrativeExpenses": 3100000000,
    "otherExpenses": -241000000,
    "operatingExpenses": 5284000000,
    "costAndExpenses": 9756000000,
    "interestIncome": 324000000,
    "interestExpense": 120000000,
    "depreciationAndAmortization": 422000000,
    "ebitda": 3530000000,
    "ebitdaratio": 0.2759752951,
    "operatingIncome": 3108000000,
    "operatingIncomeRatio": 0.2429833477,
    "totalOtherIncomeExpensesNet": 65000000,
    "incomeBeforeTax": 3161000000,
    "incomeBeforeTaxRatio": 0.2471268861,
    "incomeTaxExpense": 527000000,
    "netIncome": 2634000000,
    "netIncomeRatio": 0.2059260417,
    "eps": 0.65,
    "epsdiluted": 0.65,
    "weightedAverageShsOut": 4055000000,
    "weightedAverageShsOutDil": 4073000000,
    "link": "https://www.sec.gov/Archives/edgar/data/858877/000085887724000003/0000858877-24-000003-index.htm",
    "finalLink": "https://www.sec.gov/Archives/edgar/data/858877/000085887724000003/csco-20240127.htm"
  },
  {
    "date": "2023-10-28",
    "symbol": "CSCO",
    "reportedCurrency": "USD",
    "cik": "0000858877",
    "fillingDate": "2023-11-21",
    "acceptedDate": "2023-11-21 16:38:58",
    "calendarYear": "2024",
    "period": "Q1",
    "revenue": 14668000000,
    "costOfRevenue": 5111000000,
    "grossProfit": 9557000000,
    "grossProfitRatio": 0.6515544041,
    "researchAndDevelopmentExpenses": 1913000000,
    "generalAndAdministrativeExpenses": 672000000,
    "sellingAndMarketingExpenses": 2506000000,
    "sellingGeneralAndAdministrativeExpenses": 3178000000,
    "otherExpenses": -83000000,
    "operatingExpenses": 5158000000,
    "costAndExpenses": 10269000000,
    "interestIncome": 360000000,
    "interestExpense": 111000000,
    "depreciationAndAmortization": 401000000,
    "ebitda": 4831000000,
    "ebitdaratio": 0.3293564221,
    "operatingIncome": 4276000000,
    "operatingIncomeRatio": 0.2915189528,
    "totalOtherIncomeExpensesNet": 166000000,
    "incomeBeforeTax": 4442000000,
    "incomeBeforeTaxRatio": 0.3028361058,
    "incomeTaxExpense": 804000000,
    "netIncome": 3638000000,
    "netIncomeRatio": 0.248022907,
    "eps": 0.9,
    "epsdiluted": 0.89,
    "weightedAverageShsOut": 4057000000,
    "weightedAverageShsOutDil": 4087000000,
    "link": "https://www.sec.gov/Archives/edgar/data/858877/000085887723000031/0000858877-23-000031-index.htm",
    "finalLink": "https://www.sec.gov/Archives/edgar/data/858877/000085887723000031/csco-20231028.htm"
  },
  {
    "date": "2023-07-29",
    "symbol": "CSCO",
    "reportedCurrency": "USD",
    "cik": "0000858877",
    "fillingDate": "2023-09-07",
    "acceptedDate": "2023-09-07 16:30:09",
    "calendarYear": "2023",
    "period": "Q4",
    "revenue": 15203000000,
    "costOfRevenue": 5455000000,
    "grossProfit": 9748000000,
    "grossProfitRatio": 0.641189239,
    "researchAndDevelopmentExpenses": 1953000000,
    "generalAndAdministrativeExpenses": 690000000,
    "sellingAndMarketingExpenses": 2579000000,
    "sellingGeneralAndAdministrativeExpenses": 3269000000,
    "otherExpenses": 17000000,
    "operatingExpenses": 5292000000,
    "costAndExpenses": 10747000000,
    "interestIncome": 312000000,
    "interestExpense": 111000000,
    "depreciationAndAmortization": 422000000,
    "ebitda": 5004000000,
    "ebitdaratio": 0.3291455634,
    "operatingIncome": 4253000000,
    "operatingIncomeRatio": 0.2797474183,
    "totalOtherIncomeExpensesNet": 218000000,
    "incomeBeforeTax": 4471000000,
    "incomeBeforeTaxRatio": 0.2940866934,
    "incomeTaxExpense": 513000000,
    "netIncome": 3958000000,
    "netIncomeRatio": 0.2603433533,
    "eps": 0.97,
    "epsdiluted": 0.97,
    "weightedAverageShsOut": 4071000000,
    "weightedAverageShsOutDil": 4093000000,
    "link": "https://www.sec.gov/Archives/edgar/data/858877/000085887723000023/0000858877-23-000023-index.htm",
    "finalLink": "https://www.sec.gov/Archives/edgar/data/858877/000085887723000023/csco-20230729.htm"
  },
  {
    "date": "2023-04-29",
    "symbol": "CSCO",
    "reportedCurrency": "USD",
    "cik": "0000858877",
    "fillingDate": "2023-05-24",
    "acceptedDate": "2023-05-24 16:38:19",
    "calendarYear": "2023",
    "period": "Q3",
    "revenue": 14571000000,
    "costOfRevenue": 5339000000,
    "grossProfit": 9232000000,
    "grossProfitRatio": 0.6335872624,
    "researchAndDevelopmentExpenses": 1962000000,
    "generalAndAdministrativeExpenses": 641000000,
    "sellingAndMarketingExpenses": 2526000000,
    "sellingGeneralAndAdministrativeExpenses": 3167000000,
    "otherExpenses": 70000000,
    "operatingExpenses": 5199000000,
    "costAndExpenses": 10538000000,
    "interestIncome": 262000000,
    "interestExpense": 109000000,
    "depreciationAndAmortization": 451000000,
    "ebitda": 4484000000,
    "ebitdaratio": 0.3077345412,
    "operatingIncome": 3946000000,
    "operatingIncomeRatio": 0.2708118866,
    "totalOtherIncomeExpensesNet": 11000000,
    "incomeBeforeTax": 3957000000,
    "incomeBeforeTaxRatio": 0.2715668108,
    "incomeTaxExpense": 745000000,
    "netIncome": 3212000000,
    "netIncomeRatio": 0.220437856,
    "eps": 0.79,
    "epsdiluted": 0.78,
    "weightedAverageShsOut": 4089000000,
    "weightedAverageShsOutDil": 4110000000,
    "link": "https://www.sec.gov/Archives/edgar/data/858877/000085887723000013/0000858877-23-000013-index.htm",
    "finalLink": "https://www.sec.gov/Archives/edgar/data/858877/000085887723000013/csco-20230429.htm"
  },
  {
    "date": "2023-01-28",
    "symbol": "CSCO",
    "reportedCurrency": "USD",
    "cik": "0000858877",
    "fillingDate": "2023-02-21",
    "acceptedDate": "2023-02-21 16:36:05",
    "calendarYear": "2023",
    "period": "Q2",
    "revenue": 13592000000,
    "costOfRevenue": 5165000000,
    "grossProfit": 8427000000,
    "grossProfitRatio": 0.6199970571,
    "researchAndDevelopmentExpenses": 1855000000,
    "generalAndAdministrativeExpenses": 582000000,
    "sellingAndMarketingExpenses": 2384000000,
    "sellingGeneralAndAdministrativeExpenses": 2966000000,
    "otherExpenses": 314000000,
    "operatingExpenses": 5135000000,
    "costAndExpenses": 10300000000,
    "interestIncome": 219000000,
    "interestExpense": 107000000,
    "depreciationAndAmortization": 438000000,
    "ebitda": 3960000000,
    "ebitdaratio": 0.2913478517,
    "operatingIncome": 3292000000,
    "operatingIncomeRatio": 0.2422012949,
    "totalOtherIncomeExpensesNet": 123000000,
    "incomeBeforeTax": 3415000000,
    "incomeBeforeTaxRatio": 0.2512507357,
    "incomeTaxExpense": 642000000,
    "netIncome": 2773000000,
    "netIncomeRatio": 0.2040170689,
    "eps": 0.68,
    "epsdiluted": 0.67,
    "weightedAverageShsOut": 4103000000,
    "weightedAverageShsOutDil": 4116000000,
    "link": "https://www.sec.gov/Archives/edgar/data/858877/000085887723000005/0000858877-23-000005-index.htm",
    "finalLink": "https://www.sec.gov/Archives/edgar/data/858877/000085887723000005/csco-20230128.htm"
  },
  {
    "date": "2022-10-29",
    "symbol": "CSCO",
    "reportedCurrency": "USD",
    "cik": "0000858877",
    "fillingDate": "2022-11-22",
    "acceptedDate": "2022-11-22 16:40:00",
    "calendarYear": "2023",
    "period": "Q1",
    "revenue": 13632000000,
    "costOfRevenue": 5286000000,
    "grossProfit": 8346000000,
    "grossProfitRatio": 0.6122359155,
    "researchAndDevelopmentExpenses": 1781000000,
    "generalAndAdministrativeExpenses": 565000000,
    "sellingAndMarketingExpenses": 2391000000,
    "sellingGeneralAndAdministrativeExpenses": 2956000000,
    "otherExpenses": 71000000,
    "operatingExpenses": 4808000000,
    "costAndExpenses": 10094000000,
    "interestIncome": 169000000,
    "interestExpense": 100000000,
    "depreciationAndAmortization": 415000000,
    "ebitda": 3990000000,
    "ebitdaratio": 0.292693662,
    "operatingIncome": 3540000000,
    "operatingIncomeRatio": 0.2596830986,
    "totalOtherIncomeExpensesNet": -65000000,
    "incomeBeforeTax": 3475000000,
    "incomeBeforeTaxRatio": 0.2549149061,
    "incomeTaxExpense": 805000000,
    "netIncome": 2670000000,
    "netIncomeRatio": 0.1958626761,
    "eps": 0.65,
    "epsdiluted": 0.65,
    "weightedAverageShsOut": 4108000000,
    "weightedAverageShsOutDil": 4116000000,
    "link": "https://www.sec.gov/Archives/edgar/data/858877/000085887722000025/0000858877-22-000025-index.htm",
    "finalLink": "https://www.sec.gov/Archives/edgar/data/858877/000085887722000025/csco-20221029.htm"
  },
  {
    "date": "2022-07-30",
    "symbol": "CSCO",
    "reportedCurrency": "USD",
    "cik": "0000858877",
    "fillingDate": "2022-09-08",
    "acceptedDate": "2022-09-08 16:47:54",
    "calendarYear": "2022",
    "period": "Q4",
    "revenue": 13102000000,
    "costOfRevenue": 5150000000,
    "grossProfit": 7952000000,
    "grossProfitRatio": 0.6069302397,
    "researchAndDevelopmentExpenses": 1682000000,
    "generalAndAdministrativeExpenses": 489000000,
    "sellingAndMarketingExpenses": 2349000000,
    "sellingGeneralAndAdministrativeExpenses": 2798000000,
    "otherExpenses": -54000000,
    "operatingExpenses": 4480000000,
    "costAndExpenses": 9630000000,
    "interestIncome": 129000000,
    "interestExpense": 93000000,
    "depreciationAndAmortization": 430000000,
    "ebitda": 3939000000,
    "ebitdaratio": 0.3006411235,
    "operatingIncome": 3472000000,
    "operatingIncomeRatio": 0.2649977103,
    "totalOtherIncomeExpensesNet": -56000000,
    "incomeBeforeTax": 3416000000,
    "incomeBeforeTaxRatio": 0.2607235537,
    "incomeTaxExpense": 601000000,
    "netIncome": 2815000000,
    "netIncomeRatio": 0.2148526942,
    "eps": 0.68,
    "epsdiluted": 0.68,
    "weightedAverageShsOut": 4128000000,
    "weightedAverageShsOutDil": 4137000000,
    "link": "https://www.sec.gov/Archives/edgar/data/858877/000085887722000013/0000858877-22-000013-index.htm",
    "finalLink": "https://www.sec.gov/Archives/edgar/data/858877/000085887722000013/csco-20220730.htm"
  },
  {
    "date": "2022-04-30",
    "symbol": "CSCO",
    "reportedCurrency": "USD",
    "cik": "0000858877",
    "fillingDate": "2022-05-25",
    "acceptedDate": "2022-05-25 16:34:27",
    "calendarYear": "2022",
    "period": "Q3",
    "revenue": 12835000000,
    "costOfRevenue": 4714000000,
    "grossProfit": 8121000000,
    "grossProfitRatio": 0.632723023,
    "researchAndDevelopmentExpenses": 1708000000,
    "generalAndAdministrativeExpenses": 517000000,
    "sellingAndMarketingExpenses": 2209000000,
    "sellingGeneralAndAdministrativeExpenses": 2726000000,
    "otherExpenses": 166000000,
    "operatingExpenses": 4511000000,
    "costAndExpenses": 9225000000,
    "interestIncome": 115000000,
    "interestExpense": 90000000,
    "depreciationAndAmortization": 478000000,
    "ebitda": 4369000000,
    "ebitdaratio": 0.340397351,
    "operatingIncome": 3610000000,
    "operatingIncomeRatio": 0.2812621737,
    "totalOtherIncomeExpensesNet": 191000000,
    "incomeBeforeTax": 3801000000,
    "incomeBeforeTaxRatio": 0.296143358,
    "incomeTaxExpense": 757000000,
    "netIncome": 3044000000,
    "netIncomeRatio": 0.2371640047,
    "eps": 0.73,
    "epsdiluted": 0.73,
    "weightedAverageShsOut": 4152000000,
    "weightedAverageShsOutDil": 4170000000,
    "link": "https://www.sec.gov/Archives/edgar/data/858877/000085887722000009/0000858877-22-000009-index.htm",
    "finalLink": "https://www.sec.gov/Archives/edgar/data/858877/000085887722000009/csco-20220430.htm"
  },
  {
    "date": "2022-01-29",
    "symbol": "CSCO",
    "reportedCurrency": "USD",
    "cik": "0000858877",
    "fillingDate": "2022-02-22",
    "acceptedDate": "2022-02-22 17:12:26",
    "calendarYear": "2022",
    "period": "Q2",
    "revenue": 12720000000,
    "costOfRevenue": 4671000000,
    "grossProfit": 8049000000,
    "grossProfitRatio": 0.6327830189,
    "researchAndDevelopmentExpenses": 1670000000,
    "generalAndAdministrativeExpenses": 544000000,
    "sellingAndMarketingExpenses": 2266000000,
    "sellingGeneralAndAdministrativeExpenses": 2810000000,
    "otherExpenses": 93000000,
    "operatingExpenses": 4559000000,
    "costAndExpenses": 9230000000,
    "interestIncome": 111000000,
    "interestExpense": 88000000,
    "depreciationAndAmortization": 516000000,
    "ebitda": 4006000000,
    "ebitdaratio": 0.3149371069,
    "operatingIncome": 3487000000,
    "operatingIncomeRatio": 0.2741352201,
    "totalOtherIncomeExpensesNet": 116000000,
    "incomeBeforeTax": 3603000000,
    "incomeBeforeTaxRatio": 0.283254717,
    "incomeTaxExpense": 630000000,
    "netIncome": 2973000000,
    "netIncomeRatio": 0.2337264151,
    "eps": 0.71,
    "epsdiluted": 0.71,
    "weightedAverageShsOut": 4183000000,
    "weightedAverageShsOutDil": 4205000000,
    "link": "https://www.sec.gov/Archives/edgar/data/858877/000085887722000004/0000858877-22-000004-index.htm",
    "finalLink": "https://www.sec.gov/Archives/edgar/data/858877/000085887722000004/csco-20220129.htm"
  },
  {
    "date": "2021-10-30",
    "symbol": "CSCO",
    "reportedCurrency": "USD",
    "cik": "0000858877",
    "fillingDate": "2021-11-23",
    "acceptedDate": "2021-11-23 16:41:46",
    "calendarYear": "2022",
    "period": "Q1",
    "revenue": 12900000000,
    "costOfRevenue": 4847000000,
    "grossProfit": 8053000000,
    "grossProfitRatio": 0.6242635659,
    "researchAndDevelopmentExpenses": 1714000000,
    "generalAndAdministrativeExpenses": 551000000,
    "sellingAndMarketingExpenses": 2261000000,
    "sellingGeneralAndAdministrativeExpenses": 2812000000,
    "otherExpenses": 187000000,
    "operatingExpenses": 4610000000,
    "costAndExpenses": 9457000000,
    "interestIncome": 121000000,
    "interestExpense": 89000000,
    "depreciationAndAmortization": 533000000,
    "ebitda": 3995000000,
    "ebitdaratio": 0.3096899225,
    "operatingIncome": 3438000000,
    "operatingIncomeRatio": 0.2665116279,
    "totalOtherIncomeExpensesNet": 219000000,
    "incomeBeforeTax": 3657000000,
    "incomeBeforeTaxRatio": 0.2834883721,
    "incomeTaxExpense": 677000000,
    "netIncome": 2980000000,
    "netIncomeRatio": 0.2310077519,
    "eps": 0.71,
    "epsdiluted": 0.7,
    "weightedAverageShsOut": 4218000000,
    "weightedAverageShsOutDil": 4243000000,
    "link": "https://www.sec.gov/Archives/edgar/data/858877/000085887721000018/0000858877-21-000018-index.htm",
    "finalLink": "https://www.sec.gov/Archives/edgar/data/858877/000085887721000018/csco-20211030.htm"
  },
  {
    "date": "2021-07-31",
    "symbol": "CSCO",
    "reportedCurrency": "USD",
    "cik": "0000858877",
    "fillingDate": "2021-09-09",
    "acceptedDate": "2021-09-09 16:39:49",
    "calendarYear": "2021",
    "period": "Q4",
    "revenue": 13126000000,
    "costOfRevenue": 4782000000,
    "grossProfit": 8344000000,
    "grossProfitRatio": 0.6356849002,
    "researchAndDevelopmentExpenses": 1713000000,
    "generalAndAdministrativeExpenses": 521000000,
    "sellingAndMarketingExpenses": 2448000000,
    "sellingGeneralAndAdministrativeExpenses": 2969000000,
    "otherExpenses": 128000000,
    "operatingExpenses": 4761000000,
    "costAndExpenses": 9543000000,
    "interestIncome": 130000000,
    "interestExpense": 98000000,
    "depreciationAndAmortization": 489000000,
    "ebitda": 4322000000,
    "ebitdaratio": 0.3292701508,
    "operatingIncome": 3575000000,
    "operatingIncomeRatio": 0.2723602011,
    "totalOtherIncomeExpensesNet": 160000000,
    "incomeBeforeTax": 3735000000,
    "incomeBeforeTaxRatio": 0.2845497486,
    "incomeTaxExpense": 726000000,
    "netIncome": 3009000000,
    "netIncomeRatio": 0.229239677,
    "eps": 0.71,
    "epsdiluted": 0.71,
    "weightedAverageShsOut": 4216000000,
    "weightedAverageShsOutDil": 4233000000,
    "link": "https://www.sec.gov/Archives/edgar/data/858877/000085887721000013/0000858877-21-000013-index.htm",
    "finalLink": "https://www.sec.gov/Archives/edgar/data/858877/000085887721000013/csco-20210731.htm"
  },
  {
    "date": "2021-05-01",
    "symbol": "CSCO",
    "reportedCurrency": "USD",
    "cik": "0000858877",
    "fillingDate": "2021-05-25",
    "acceptedDate": "2021-05-25 16:59:37",
    "calendarYear": "2021",
    "period": "Q3",
    "revenue": 12803000000,
    "costOfRevenue": 4618000000,
    "grossProfit": 8185000000,
    "grossProfitRatio": 0.6393032883,
    "researchAndDevelopmentExpenses": 1697000000,
    "generalAndAdministrativeExpenses": 603000000,
    "sellingAndMarketingExpenses": 2317000000,
    "sellingGeneralAndAdministrativeExpenses": 2920000000,
    "otherExpenses": 84000000,
    "operatingExpenses": 4678000000,
    "costAndExpenses": 9296000000,
    "interestIncome": 153000000,
    "interestExpense": 111000000,
    "depreciationAndAmortization": 486000000,
    "ebitda": 3993000000,
    "ebitdaratio": 0.3118800281,
    "operatingIncome": 3465000000,
    "operatingIncomeRatio": 0.2706396938,
    "totalOtherIncomeExpensesNet": 126000000,
    "incomeBeforeTax": 3591000000,
    "incomeBeforeTaxRatio": 0.2804811372,
    "incomeTaxExpense": 728000000,
    "netIncome": 2863000000,
    "netIncomeRatio": 0.2236194642,
    "eps": 0.68,
    "epsdiluted": 0.68,
    "weightedAverageShsOut": 4219000000,
    "weightedAverageShsOutDil": 4238000000,
    "link": "https://www.sec.gov/Archives/edgar/data/858877/000085887721000008/0000858877-21-000008-index.htm",
    "finalLink": "https://www.sec.gov/Archives/edgar/data/858877/000085887721000008/csco-20210501.htm"
  },
  {
    "date": "2021-01-23",
    "symbol": "CSCO",
    "reportedCurrency": "USD",
    "cik": "0000858877",
    "fillingDate": "2021-02-16",
    "acceptedDate": "2021-02-16 17:06:26",
    "calendarYear": "2021",
    "period": "Q2",
    "revenue": 11960000000,
    "costOfRevenue": 4176000000,
    "grossProfit": 7784000000,
    "grossProfitRatio": 0.6508361204,
    "researchAndDevelopmentExpenses": 1527000000,
    "generalAndAdministrativeExpenses": 484000000,
    "sellingAndMarketingExpenses": 2277000000,
    "sellingGeneralAndAdministrativeExpenses": 2761000000,
    "otherExpenses": -16000000,
    "operatingExpenses": 4327000000,
    "costAndExpenses": 8503000000,
    "interestIncome": 161000000,
    "interestExpense": 113000000,
    "depreciationAndAmortization": 436000000,
    "ebitda": 3893000000,
    "ebitdaratio": 0.3255016722,
    "operatingIncome": 3223000000,
    "operatingIncomeRatio": 0.2694816054,
    "totalOtherIncomeExpensesNet": 32000000,
    "incomeBeforeTax": 3255000000,
    "incomeBeforeTaxRatio": 0.2721571906,
    "incomeTaxExpense": 710000000,
    "netIncome": 2545000000,
    "netIncomeRatio": 0.2127926421,
    "eps": 0.6,
    "epsdiluted": 0.6,
    "weightedAverageShsOut": 4223000000,
    "weightedAverageShsOutDil": 4234000000,
    "link": "https://www.sec.gov/Archives/edgar/data/858877/000085887721000004/0000858877-21-000004-index.htm",
    "finalLink": "https://www.sec.gov/Archives/edgar/data/858877/000085887721000004/csco-20210123.htm"
  },
  {
    "date": "2020-10-24",
    "symbol": "CSCO",
    "reportedCurrency": "USD",
    "cik": "0000858877",
    "fillingDate": "2020-11-17",
    "acceptedDate": "2020-11-17 16:54:48",
    "calendarYear": "2021",
    "period": "Q1",
    "revenue": 11929000000,
    "costOfRevenue": 4348000000,
    "grossProfit": 7581000000,
    "grossProfitRatio": 0.6355101014,
    "researchAndDevelopmentExpenses": 1612000000,
    "generalAndAdministrativeExpenses": 544000000,
    "sellingAndMarketingExpenses": 2217000000,
    "sellingGeneralAndAdministrativeExpenses": 2761000000,
    "otherExpenses": 49000000,
    "operatingExpenses": 4409000000,
    "costAndExpenses": 8757000000,
    "interestIncome": 174000000,
    "interestExpense": 112000000,
    "depreciationAndAmortization": 451000000,
    "ebitda": 3627000000,
    "ebitdaratio": 0.3040489563,
    "operatingIncome": 2570000000,
    "operatingIncomeRatio": 0.2154413614,
    "totalOtherIncomeExpensesNet": 111000000,
    "incomeBeforeTax": 2681000000,
    "incomeBeforeTaxRatio": 0.2247464163,
    "incomeTaxExpense": 507000000,
    "netIncome": 2174000000,
    "netIncomeRatio": 0.1822449493,
    "eps": 0.51,
    "epsdiluted": 0.51,
    "weightedAverageShsOut": 4230000000,
    "weightedAverageShsOutDil": 4244000000,
    "link": "https://www.sec.gov/Archives/edgar/data/858877/000085887720000015/0000858877-20-000015-index.htm",
    "finalLink": "https://www.sec.gov/Archives/edgar/data/858877/000085887720000015/csco-20201024.htm"
  },
  {
    "date": "2020-07-25",
    "symbol": "CSCO",
    "reportedCurrency": "USD",
    "cik": "0000858877",
    "fillingDate": "2020-09-03",
    "acceptedDate": "2020-09-03 17:05:55",
    "calendarYear": "2020",
    "period": "Q4",
    "revenue": 12154000000,
    "costOfRevenue": 4470000000,
    "grossProfit": 7684000000,
    "grossProfitRatio": 0.6322198453,
    "researchAndDevelopmentExpenses": 1565000000,
    "generalAndAdministrativeExpenses": 494000000,
    "sellingAndMarketingExpenses": 2218000000,
    "sellingGeneralAndAdministrativeExpenses": 2712000000,
    "otherExpenses": -9000000,
    "operatingExpenses": 4310000000,
    "costAndExpenses": 8780000000,
    "interestIncome": 187000000,
    "interestExpense": 119000000,
    "depreciationAndAmortization": 444000000,
    "ebitda": 3869000000,
    "ebitdaratio": 0.3183314135,
    "operatingIncome": 3247000000,
    "operatingIncomeRatio": 0.2671548461,
    "totalOtherIncomeExpensesNet": 59000000,
    "incomeBeforeTax": 3306000000,
    "incomeBeforeTaxRatio": 0.2720092151,
    "incomeTaxExpense": 670000000,
    "netIncome": 2636000000,
    "netIncomeRatio": 0.2168833306,
    "eps": 0.62,
    "epsdiluted": 0.62,
    "weightedAverageShsOut": 4227000000,
    "weightedAverageShsOutDil": 4242000000,
    "link": "https://www.sec.gov/Archives/edgar/data/858877/000085887720000010/0000858877-20-000010-index.htm",
    "finalLink": "https://www.sec.gov/Archives/edgar/data/858877/000085887720000010/csco-2020725x10k.htm"
  },
  {
    "date": "2020-04-25",
    "symbol": "CSCO",
    "reportedCurrency": "USD",
    "cik": "0000858877",
    "fillingDate": "2020-05-18",
    "acceptedDate": "2020-05-18 16:41:31",
    "calendarYear": "2020",
    "period": "Q3",
    "revenue": 11983000000,
    "costOfRevenue": 4212000000,
    "grossProfit": 7771000000,
    "grossProfitRatio": 0.6485020446,
    "researchAndDevelopmentExpenses": 1546000000,
    "generalAndAdministrativeExpenses": 457000000,
    "sellingAndMarketingExpenses": 2192000000,
    "sellingGeneralAndAdministrativeExpenses": 2649000000,
    "otherExpenses": -58000000,
    "operatingExpenses": 4229000000,
    "costAndExpenses": 8441000000,
    "interestIncome": 218000000,
    "interestExpense": 130000000,
    "depreciationAndAmortization": 446000000,
    "ebitda": 3988000000,
    "ebitdaratio": 0.3328048068,
    "operatingIncome": 3414000000,
    "operatingIncomeRatio": 0.2849036135,
    "totalOtherIncomeExpensesNet": 30000000,
    "incomeBeforeTax": 3444000000,
    "incomeBeforeTaxRatio": 0.2874071601,
    "incomeTaxExpense": 670000000,
    "netIncome": 2774000000,
    "netIncomeRatio": 0.2314946174,
    "eps": 0.66,
    "epsdiluted": 0.65,
    "weightedAverageShsOut": 4230000000,
    "weightedAverageShsOutDil": 4243000000,
    "link": "https://www.sec.gov/Archives/edgar/data/858877/000085887720000006/0000858877-20-000006-index.htm",
    "finalLink": "https://www.sec.gov/Archives/edgar/data/858877/000085887720000006/a10qq3fy20.htm"
  }
]