[
  {
    "date": "2024-12-31",
    "symbol": "SCHW",
    "reportedCurrency": "USD",
    "cik": "0000316709",
    "fillingDate": "2025-02-26",
    "acceptedDate": "2025-02-26 16:25:18",
    "calendarYear": "2024",
    "period": "FY",
    "revenue": 19606000000,
    "costOfRevenue": 0,
    "grossProfit": 19606000000,
    "grossProfitRatio": 1,
    "researchAndDevelopmentExpenses": 0,
    "generalAndAdministrativeExpenses": 6043000000,
    "sellingAndMarketingExpenses": 397000000,
    "sellingGeneralAndAdministrativeExpenses": 6440000000,
    "otherExpenses": 5474000000,
    "operatingExpenses": 11914000000,
    "costAndExpenses": 11914000000,
    "interestIncome": 15537000000,
    "interestExpense": 6393000000,
    "depreciationAndAmortization": 916000000,
    "ebitda": 8608000000,
    "ebitdaratio": 0.4390492706,
    "operatingIncome": 7692000000,
    "operatingIncomeRatio": 0.3923288789,
    "totalOtherIncomeExpensesNet": 0,
    "incomeBeforeTax": 7692000000,
    "incomeBeforeTaxRatio": 0.3923288789,
    "incomeTaxExpense": 1750000000,
    "netIncome": 5942000000,
    "netIncomeRatio": 0.3030704886,
    "eps": 3,
    "epsdiluted": 2.99,
    "weightedAverageShsOut": 1828000000,
    "weightedAverageShsOutDil": 1834000000,
    "link": "https://www.sec.gov/Archives/edgar/data/316709/000031670925000010/0000316709-25-000010-index.htm",
    "finalLink": "https://www.sec.gov/Archives/edgar/data/316709/000031670925000010/schw-20241231.htm"
  },
  {
    "date": "2023-12-31",
    "symbol": "SCHW",
    "reportedCurrency": "USD",
    "cik": "0000316709",
    "fillingDate": "2024-02-23",
    "acceptedDate": "2024-02-23 16:21:25",
    "calendarYear": "2023",
    "period": "FY",
    "revenue": 18837000000,
    "costOfRevenue": 0,
    "grossProfit": 18837000000,
    "grossProfitRatio": 1,
    "researchAndDevelopmentExpenses": 0,
    "generalAndAdministrativeExpenses": 6315000000,
    "sellingAndMarketingExpenses": 397000000,
    "sellingGeneralAndAdministrativeExpenses": 6712000000,
    "otherExpenses": 5747000000,
    "operatingExpenses": 12459000000,
    "costAndExpenses": 12459000000,
    "interestIncome": 16111000000,
    "interestExpense": 6684000000,
    "depreciationAndAmortization": 1338000000,
    "ebitda": 7716000000,
    "ebitdaratio": 0.4096193661,
    "operatingIncome": 6378000000,
    "operatingIncomeRatio": 0.3385889473,
    "totalOtherIncomeExpensesNet": 0,
    "incomeBeforeTax": 6378000000,
    "incomeBeforeTaxRatio": 0.3385889473,
    "incomeTaxExpense": 1311000000,
    "netIncome": 5067000000,
    "netIncomeRatio": 0.2689918777,
    "eps": 2.55,
    "epsdiluted": 2.54,
    "weightedAverageShsOut": 1824000000,
    "weightedAverageShsOutDil": 1831000000,
    "link": "https://www.sec.gov/Archives/edgar/data/316709/000031670924000018/0000316709-24-000018-index.htm",
    "finalLink": "https://www.sec.gov/Archives/edgar/data/316709/000031670924000018/schw-20231231.htm"
  },
  {
    "date": "2022-12-31",
    "symbol": "SCHW",
    "reportedCurrency": "USD",
    "cik": "0000316709",
    "fillingDate": "2023-02-24",
    "acceptedDate": "2023-02-24 16:18:16",
    "calendarYear": "2022",
    "period": "FY",
    "revenue": 20762000000,
    "costOfRevenue": 0,
    "grossProfit": 20762000000,
    "grossProfitRatio": 1,
    "researchAndDevelopmentExpenses": 0,
    "generalAndAdministrativeExpenses": 5936000000,
    "sellingAndMarketingExpenses": 419000000,
    "sellingGeneralAndAdministrativeExpenses": 6355000000,
    "otherExpenses": 5019000000,
    "operatingExpenses": 11374000000,
    "costAndExpenses": 11374000000,
    "interestIncome": 12227000000,
    "interestExpense": 1545000000,
    "depreciationAndAmortization": 1248000000,
    "ebitda": 10636000000,
    "ebitdaratio": 0.5122820538,
    "operatingIncome": 9388000000,
    "operatingIncomeRatio": 0.4521722377,
    "totalOtherIncomeExpensesNet": 0,
    "incomeBeforeTax": 9388000000,
    "incomeBeforeTaxRatio": 0.4521722377,
    "incomeTaxExpense": 2205000000,
    "netIncome": 7183000000,
    "netIncomeRatio": 0.3459685965,
    "eps": 3.52,
    "epsdiluted": 3.5,
    "weightedAverageShsOut": 1885000000,
    "weightedAverageShsOutDil": 1894000000,
    "link": "https://www.sec.gov/Archives/edgar/data/316709/000031670923000009/0000316709-23-000009-index.htm",
    "finalLink": "https://www.sec.gov/Archives/edgar/data/316709/000031670923000009/schw-20221231.htm"
  },
  {
    "date": "2021-12-31",
    "symbol": "SCHW",
    "reportedCurrency": "USD",
    "cik": "0000316709",
    "fillingDate": "2022-02-24",
    "acceptedDate": "2022-02-24 16:32:07",
    "calendarYear": "2021",
    "period": "FY",
    "revenue": 18520000000,
    "costOfRevenue": 0,
    "grossProfit": 18520000000,
    "grossProfitRatio": 1,
    "researchAndDevelopmentExpenses": 0,
    "generalAndAdministrativeExpenses": 5450000000,
    "sellingAndMarketingExpenses": 485000000,
    "sellingGeneralAndAdministrativeExpenses": 5935000000,
    "otherExpenses": 4872000000,
    "operatingExpenses": 10807000000,
    "costAndExpenses": 10807000000,
    "interestIncome": 8506000000,
    "interestExpense": 476000000,
    "depreciationAndAmortization": 1164000000,
    "ebitda": 8877000000,
    "ebitdaratio": 0.4793196544,
    "operatingIncome": 7713000000,
    "operatingIncomeRatio": 0.4164686825,
    "totalOtherIncomeExpensesNet": 0,
    "incomeBeforeTax": 7713000000,
    "incomeBeforeTaxRatio": 0.4164686825,
    "incomeTaxExpense": 1858000000,
    "netIncome": 5855000000,
    "netIncomeRatio": 0.3161447084,
    "eps": 2.84,
    "epsdiluted": 2.83,
    "weightedAverageShsOut": 1887000000,
    "weightedAverageShsOutDil": 1897000000,
    "link": "https://www.sec.gov/Archives/edgar/data/316709/000031670922000009/0000316709-22-000009-index.htm",
    "finalLink": "https://www.sec.gov/Archives/edgar/data/316709/000031670922000009/schw-20211231.htm"
  },
  {
    "date": "2020-12-31",
    "symbol": "SCHW",
    "reportedCurrency": "USD",
    "cik": "0000316709",
    "fillingDate": "2021-02-24",
    "acceptedDate": "2021-02-24 16:20:04",
    "calendarYear": "2020",
    "period": "FY",
    "revenue": 11691000000,
    "costOfRevenue": 0,
    "grossProfit": 11691000000,
    "grossProfitRatio": 1,
    "researchAndDevelopmentExpenses": 0,
    "generalAndAdministrativeExpenses": 3954000000,
    "sellingAndMarketingExpenses": 326000000,
    "sellingGeneralAndAdministrativeExpenses": 4280000000,
    "otherExpenses": 3111000000,
    "operatingExpenses": 7391000000,
    "costAndExpenses": 7391000000,
    "interestIncome": 6531000000,
    "interestExpense": 418000000,
    "depreciationAndAmortization": 604000000,
    "ebitda": 4904000000,
    "ebitdaratio": 0.4194679668,
    "operatingIncome": 4300000000,
    "operatingIncomeRatio": 0.3678042939,
    "totalOtherIncomeExpensesNet": 0,
    "incomeBeforeTax": 4300000000,
    "incomeBeforeTaxRatio": 0.3678042939,
    "incomeTaxExpense": 1001000000,
    "netIncome": 3299000000,
    "netIncomeRatio": 0.2821828757,
    "eps": 2.13,
    "epsdiluted": 2.12,
    "weightedAverageShsOut": 1429000000,
    "weightedAverageShsOutDil": 1435000000,
    "link": "https://www.sec.gov/Archives/edgar/data/316709/000031670921000012/0000316709-21-000012-index.htm",
    "finalLink": "https://www.sec.gov/Archives/edgar/data/316709/000031670921000012/schw-20201231.htm"
  },
  {
    "date": "2019-12-31",
    "symbol": "SCHW",
    "reportedCurrency": "USD",
    "cik": "0000316709",
    "fillingDate": "2020-02-26",
    "acceptedDate": "2020-02-26 17:31:13",
    "calendarYear": "2019",
    "period": "FY",
    "revenue": 10721000000,
    "costOfRevenue": 0,
    "grossProfit": 10721000000,
    "grossProfitRatio": 1,
    "researchAndDevelopmentExpenses": 0,
    "generalAndAdministrativeExpenses": 3695000000,
    "sellingAndMarketingExpenses": 307000000,
    "sellingGeneralAndAdministrativeExpenses": 4002000000,
    "otherExpenses": 1871000000,
    "operatingExpenses": 5873000000,
    "costAndExpenses": 5873000000,
    "interestIncome": 7580000000,
    "interestExpense": 1064000000,
    "depreciationAndAmortization": 349000000,
    "ebitda": 5197000000,
    "ebitdaratio": 0.4847495569,
    "operatingIncome": 4848000000,
    "operatingIncomeRatio": 0.4521966234,
    "totalOtherIncomeExpensesNet": 0,
    "incomeBeforeTax": 4848000000,
    "incomeBeforeTaxRatio": 0.4521966234,
    "incomeTaxExpense": 1144000000,
    "netIncome": 3704000000,
    "netIncomeRatio": 0.3454901595,
    "eps": 2.69,
    "epsdiluted": 2.67,
    "weightedAverageShsOut": 1311000000,
    "weightedAverageShsOutDil": 1320000000,
    "link": "https://www.sec.gov/Archives/edgar/data/316709/000031670920000012/0000316709-20-000012-index.htm",
    "finalLink": "https://www.sec.gov/Archives/edgar/data/316709/000031670920000012/schw-12312019x10k.htm"
  },
  {
    "date": "2018-12-31",
    "symbol": "SCHW",
    "reportedCurrency": "USD",
    "cik": "0000316709",
    "fillingDate": "2019-02-22",
    "acceptedDate": "2019-02-22 16:27:02",
    "calendarYear": "2018",
    "period": "FY",
    "revenue": 10132000000,
    "costOfRevenue": 0,
    "grossProfit": 10132000000,
    "grossProfitRatio": 1,
    "researchAndDevelopmentExpenses": 0,
    "generalAndAdministrativeExpenses": 3488000000,
    "sellingAndMarketingExpenses": 313000000,
    "sellingGeneralAndAdministrativeExpenses": 3801000000,
    "otherExpenses": 1769000000,
    "operatingExpenses": 5570000000,
    "costAndExpenses": 5570000000,
    "interestIncome": 6680000000,
    "interestExpense": 857000000,
    "depreciationAndAmortization": 306000000,
    "ebitda": 4868000000,
    "ebitdaratio": 0.480457955,
    "operatingIncome": 4562000000,
    "operatingIncomeRatio": 0.4502566127,
    "totalOtherIncomeExpensesNet": 0,
    "incomeBeforeTax": 4562000000,
    "incomeBeforeTaxRatio": 0.4502566127,
    "incomeTaxExpense": 1055000000,
    "netIncome": 3507000000,
    "netIncomeRatio": 0.3461310699,
    "eps": 2.47,
    "epsdiluted": 2.45,
    "weightedAverageShsOut": 1348000000,
    "weightedAverageShsOutDil": 1361000000,
    "link": "https://www.sec.gov/Archives/edgar/data/316709/000031670919000008/0000316709-19-000008-index.htm",
    "finalLink": "https://www.sec.gov/Archives/edgar/data/316709/000031670919000008/schw-12312018x10k.htm"
  },
  {
    "date": "2017-12-31",
    "symbol": "SCHW",
    "reportedCurrency": "USD",
    "cik": "0000316709",
    "fillingDate": "2018-02-22",
    "acceptedDate": "2018-02-22 17:15:24",
    "calendarYear": "2017",
    "period": "FY",
    "revenue": 8618000000,
    "costOfRevenue": 0,
    "grossProfit": 8618000000,
    "grossProfitRatio": 1,
    "researchAndDevelopmentExpenses": 0,
    "generalAndAdministrativeExpenses": 3147000000,
    "sellingAndMarketingExpenses": 268000000,
    "sellingGeneralAndAdministrativeExpenses": 3415000000,
    "otherExpenses": 1553000000,
    "operatingExpenses": 4968000000,
    "costAndExpenses": 4968000000,
    "interestIncome": 4624000000,
    "interestExpense": 342000000,
    "depreciationAndAmortization": 269000000,
    "ebitda": 3919000000,
    "ebitdaratio": 0.4547458807,
    "operatingIncome": 3650000000,
    "operatingIncomeRatio": 0.423532142,
    "totalOtherIncomeExpensesNet": 0,
    "incomeBeforeTax": 3650000000,
    "incomeBeforeTaxRatio": 0.423532142,
    "incomeTaxExpense": 1296000000,
    "netIncome": 2354000000,
    "netIncomeRatio": 0.2731492226,
    "eps": 1.63,
    "epsdiluted": 1.61,
    "weightedAverageShsOut": 1339000000,
    "weightedAverageShsOutDil": 1353000000,
    "link": "https://www.sec.gov/Archives/edgar/data/316709/000031670918000009/0000316709-18-000009-index.htm",
    "finalLink": "https://www.sec.gov/Archives/edgar/data/316709/000031670918000009/schw-12312017x10k.htm"
  },
  {
    "date": "2016-12-31",
    "symbol": "SCHW",
    "reportedCurrency": "USD",
    "cik": "0000316709",
    "fillingDate": "2017-02-23",
    "acceptedDate": "2017-02-23 17:22:58",
    "calendarYear": "2016",
    "period": "FY",
    "revenue": 7478000000,
    "costOfRevenue": 0,
    "grossProfit": 7478000000,
    "grossProfitRatio": 1,
    "researchAndDevelopmentExpenses": 0,
    "generalAndAdministrativeExpenses": 2847000000,
    "sellingAndMarketingExpenses": 265000000,
    "sellingGeneralAndAdministrativeExpenses": 3112000000,
    "otherExpenses": 1373000000,
    "operatingExpenses": 4485000000,
    "costAndExpenses": 4485000000,
    "interestIncome": 3493000000,
    "interestExpense": 171000000,
    "depreciationAndAmortization": 234000000,
    "ebitda": 3227000000,
    "ebitdaratio": 0.4315324953,
    "operatingIncome": 2993000000,
    "operatingIncomeRatio": 0.4002407061,
    "totalOtherIncomeExpensesNet": 0,
    "incomeBeforeTax": 2993000000,
    "incomeBeforeTaxRatio": 0.4002407061,
    "incomeTaxExpense": 1104000000,
    "netIncome": 1889000000,
    "netIncomeRatio": 0.2526076491,
    "eps": 1.32,
    "epsdiluted": 1.31,
    "weightedAverageShsOut": 1324000000,
    "weightedAverageShsOutDil": 1334000000,
    "link": "https://www.sec.gov/Archives/edgar/data/316709/000031670917000010/0000316709-17-000010-index.htm",
    "finalLink": "https://www.sec.gov/Archives/edgar/data/316709/000031670917000010/schw-20161231x10k.htm"
  },
  {
    "date": "2015-12-31",
    "symbol": "SCHW",
    "reportedCurrency": "USD",
    "cik": "0000316709",
    "fillingDate": "2016-02-24",
    "acceptedDate": "2016-02-24 17:17:09",
    "calendarYear": "2015",
    "period": "FY",
    "revenue": 6369000000,
    "costOfRevenue": 0,
    "grossProfit": 6369000000,
    "grossProfitRatio": 1,
    "researchAndDevelopmentExpenses": 0,
    "generalAndAdministrativeExpenses": 2581000000,
    "sellingAndMarketingExpenses": 249000000,
    "sellingGeneralAndAdministrativeExpenses": 2830000000,
    "otherExpenses": 1260000000,
    "operatingExpenses": 4090000000,
    "costAndExpenses": 4090000000,
    "interestIncome": 2657000000,
    "interestExpense": 132000000,
    "depreciationAndAmortization": 224000000,
    "ebitda": 2503000000,
    "ebitdaratio": 0.3929973308,
    "operatingIncome": 2279000000,
    "operatingIncomeRatio": 0.3578269744,
    "totalOtherIncomeExpensesNet": 0,
    "incomeBeforeTax": 2279000000,
    "incomeBeforeTaxRatio": 0.3578269744,
    "incomeTaxExpense": 832000000,
    "netIncome": 1447000000,
    "netIncomeRatio": 0.227194222,
    "eps": 1.04,
    "epsdiluted": 1.03,
    "weightedAverageShsOut": 1315000000,
    "weightedAverageShsOutDil": 1327000000,
    "link": "https://www.sec.gov/Archives/edgar/data/316709/000031670916000067/0000316709-16-000067-index.htm",
    "finalLink": "https://www.sec.gov/Archives/edgar/data/316709/000031670916000067/schw-20151231x10k.htm"
  }
]