[
  {
    "date": "2024-12-31",
    "symbol": "SCHW",
    "reportedCurrency": "USD",
    "cik": "0000316709",
    "fillingDate": "2025-02-26",
    "acceptedDate": "2025-02-26 16:25:18",
    "calendarYear": "2024",
    "period": "Q4",
    "revenue": 5329000000,
    "costOfRevenue": 0,
    "grossProfit": 5329000000,
    "grossProfitRatio": 1,
    "researchAndDevelopmentExpenses": 0,
    "generalAndAdministrativeExpenses": 1533000000,
    "sellingAndMarketingExpenses": 101000000,
    "sellingGeneralAndAdministrativeExpenses": 1634000000,
    "otherExpenses": 1390000000,
    "operatingExpenses": 3024000000,
    "costAndExpenses": 3024000000,
    "interestIncome": 3851000000,
    "interestExpense": 1320000000,
    "depreciationAndAmortization": -165000000,
    "ebitda": 2140000000,
    "ebitdaratio": 0.4015762807,
    "operatingIncome": 2305000000,
    "operatingIncomeRatio": 0.4325389379,
    "totalOtherIncomeExpensesNet": 0,
    "incomeBeforeTax": 2305000000,
    "incomeBeforeTaxRatio": 0.4325389379,
    "incomeTaxExpense": 465000000,
    "netIncome": 1840000000,
    "netIncomeRatio": 0.3452805404,
    "eps": 0.94,
    "epsdiluted": 0.94,
    "weightedAverageShsOut": 1828000000,
    "weightedAverageShsOutDil": 1834000000,
    "link": "https://www.sec.gov/Archives/edgar/data/316709/000031670925000010/0000316709-25-000010-index.htm",
    "finalLink": "https://www.sec.gov/Archives/edgar/data/316709/000031670925000010/schw-20241231.htm"
  },
  {
    "date": "2024-09-30",
    "symbol": "SCHW",
    "reportedCurrency": "USD",
    "cik": "0000316709",
    "fillingDate": "2024-11-08",
    "acceptedDate": "2024-11-08 16:17:36",
    "calendarYear": "2024",
    "period": "Q3",
    "revenue": 4847000000,
    "costOfRevenue": 0,
    "grossProfit": 4847000000,
    "grossProfitRatio": 1,
    "researchAndDevelopmentExpenses": 0,
    "generalAndAdministrativeExpenses": 1522000000,
    "sellingAndMarketingExpenses": 101000000,
    "sellingGeneralAndAdministrativeExpenses": 1623000000,
    "otherExpenses": 1382000000,
    "operatingExpenses": 3005000000,
    "costAndExpenses": 3005000000,
    "interestIncome": 3928000000,
    "interestExpense": 1706000000,
    "depreciationAndAmortization": 361000000,
    "ebitda": 2203000000,
    "ebitdaratio": 0.4545079431,
    "operatingIncome": 1842000000,
    "operatingIncomeRatio": 0.3800288838,
    "totalOtherIncomeExpensesNet": 0,
    "incomeBeforeTax": 1842000000,
    "incomeBeforeTaxRatio": 0.3800288838,
    "incomeTaxExpense": 434000000,
    "netIncome": 1408000000,
    "netIncomeRatio": 0.2904889622,
    "eps": 0.71,
    "epsdiluted": 0.71,
    "weightedAverageShsOut": 1829000000,
    "weightedAverageShsOutDil": 1834000000,
    "link": "https://www.sec.gov/Archives/edgar/data/316709/000031670924000069/0000316709-24-000069-index.htm",
    "finalLink": "https://www.sec.gov/Archives/edgar/data/316709/000031670924000069/schw-20240930.htm"
  },
  {
    "date": "2024-06-30",
    "symbol": "SCHW",
    "reportedCurrency": "USD",
    "cik": "0000316709",
    "fillingDate": "2024-08-08",
    "acceptedDate": "2024-08-08 16:17:38",
    "calendarYear": "2024",
    "period": "Q2",
    "revenue": 4690000000,
    "costOfRevenue": 0,
    "grossProfit": 4690000000,
    "grossProfitRatio": 1,
    "researchAndDevelopmentExpenses": 0,
    "generalAndAdministrativeExpenses": 1450000000,
    "sellingAndMarketingExpenses": 107000000,
    "sellingGeneralAndAdministrativeExpenses": 1557000000,
    "otherExpenses": 1386000000,
    "operatingExpenses": 2943000000,
    "costAndExpenses": 2943000000,
    "interestIncome": 3817000000,
    "interestExpense": 1659000000,
    "depreciationAndAmortization": 362000000,
    "ebitda": 2109000000,
    "ebitdaratio": 0.4496801706,
    "operatingIncome": 1747000000,
    "operatingIncomeRatio": 0.3724946695,
    "totalOtherIncomeExpensesNet": 0,
    "incomeBeforeTax": 1747000000,
    "incomeBeforeTaxRatio": 0.3724946695,
    "incomeTaxExpense": 415000000,
    "netIncome": 1332000000,
    "netIncomeRatio": 0.2840085288,
    "eps": 0.66,
    "epsdiluted": 0.66,
    "weightedAverageShsOut": 1828000000,
    "weightedAverageShsOutDil": 1834000000,
    "link": "https://www.sec.gov/Archives/edgar/data/316709/000031670924000060/0000316709-24-000060-index.htm",
    "finalLink": "https://www.sec.gov/Archives/edgar/data/316709/000031670924000060/schw-20240630.htm"
  },
  {
    "date": "2024-03-31",
    "symbol": "SCHW",
    "reportedCurrency": "USD",
    "cik": "0000316709",
    "fillingDate": "2024-05-09",
    "acceptedDate": "2024-05-09 16:18:38",
    "calendarYear": "2024",
    "period": "Q1",
    "revenue": 4740000000,
    "costOfRevenue": 0,
    "grossProfit": 4740000000,
    "grossProfitRatio": 1,
    "researchAndDevelopmentExpenses": 0,
    "generalAndAdministrativeExpenses": 1538000000,
    "sellingAndMarketingExpenses": 88000000,
    "sellingGeneralAndAdministrativeExpenses": 1626000000,
    "otherExpenses": 1316000000,
    "operatingExpenses": 2942000000,
    "costAndExpenses": 2942000000,
    "interestIncome": 3941000000,
    "interestExpense": 1708000000,
    "depreciationAndAmortization": 358000000,
    "ebitda": 2156000000,
    "ebitdaratio": 0.4548523207,
    "operatingIncome": 1798000000,
    "operatingIncomeRatio": 0.3793248945,
    "totalOtherIncomeExpensesNet": 0,
    "incomeBeforeTax": 1798000000,
    "incomeBeforeTaxRatio": 0.3793248945,
    "incomeTaxExpense": 436000000,
    "netIncome": 1362000000,
    "netIncomeRatio": 0.2873417722,
    "eps": 0.69,
    "epsdiluted": 0.68,
    "weightedAverageShsOut": 1825000000,
    "weightedAverageShsOutDil": 1831000000,
    "link": "https://www.sec.gov/Archives/edgar/data/316709/000031670924000044/0000316709-24-000044-index.htm",
    "finalLink": "https://www.sec.gov/Archives/edgar/data/316709/000031670924000044/schw-20240331.htm"
  },
  {
    "date": "2023-12-31",
    "symbol": "SCHW",
    "reportedCurrency": "USD",
    "cik": "0000316709",
    "fillingDate": "2024-02-23",
    "acceptedDate": "2024-02-23 16:21:25",
    "calendarYear": "2023",
    "period": "Q4",
    "revenue": 4459000000,
    "costOfRevenue": 0,
    "grossProfit": 4459000000,
    "grossProfitRatio": 1,
    "researchAndDevelopmentExpenses": 0,
    "generalAndAdministrativeExpenses": 1409000000,
    "sellingAndMarketingExpenses": 104000000,
    "sellingGeneralAndAdministrativeExpenses": 1513000000,
    "otherExpenses": 1752000000,
    "operatingExpenses": 3265000000,
    "costAndExpenses": 3265000000,
    "interestIncome": 3965000000,
    "interestExpense": 1835000000,
    "depreciationAndAmortization": 368000000,
    "ebitda": 1562000000,
    "ebitdaratio": 0.3503027585,
    "operatingIncome": 1194000000,
    "operatingIncomeRatio": 0.2677730433,
    "totalOtherIncomeExpensesNet": 0,
    "incomeBeforeTax": 1194000000,
    "incomeBeforeTaxRatio": 0.2677730433,
    "incomeTaxExpense": 149000000,
    "netIncome": 1045000000,
    "netIncomeRatio": 0.2343574793,
    "eps": 0.51,
    "epsdiluted": 0.51,
    "weightedAverageShsOut": 1823000000,
    "weightedAverageShsOutDil": 1828000000,
    "link": "https://www.sec.gov/Archives/edgar/data/316709/000031670924000018/0000316709-24-000018-index.htm",
    "finalLink": "https://www.sec.gov/Archives/edgar/data/316709/000031670924000018/schw-20231231.htm"
  },
  {
    "date": "2023-09-30",
    "symbol": "SCHW",
    "reportedCurrency": "USD",
    "cik": "0000316709",
    "fillingDate": "2023-11-08",
    "acceptedDate": "2023-11-08 16:20:03",
    "calendarYear": "2023",
    "period": "Q3",
    "revenue": 4606000000,
    "costOfRevenue": 0,
    "grossProfit": 4606000000,
    "grossProfitRatio": 1,
    "researchAndDevelopmentExpenses": 0,
    "generalAndAdministrativeExpenses": 1770000000,
    "sellingAndMarketingExpenses": 102000000,
    "sellingGeneralAndAdministrativeExpenses": 1872000000,
    "otherExpenses": 1351000000,
    "operatingExpenses": 3223000000,
    "costAndExpenses": 3223000000,
    "interestIncome": 4027000000,
    "interestExpense": 1790000000,
    "depreciationAndAmortization": 333000000,
    "ebitda": 1716000000,
    "ebitdaratio": 0.3725575337,
    "operatingIncome": 1383000000,
    "operatingIncomeRatio": 0.3002605297,
    "totalOtherIncomeExpensesNet": 0,
    "incomeBeforeTax": 1383000000,
    "incomeBeforeTaxRatio": 0.3002605297,
    "incomeTaxExpense": 258000000,
    "netIncome": 1125000000,
    "netIncomeRatio": 0.2442466348,
    "eps": 0.56,
    "epsdiluted": 0.56,
    "weightedAverageShsOut": 1821000000,
    "weightedAverageShsOutDil": 1827000000,
    "link": "https://www.sec.gov/Archives/edgar/data/316709/000031670923000062/0000316709-23-000062-index.htm",
    "finalLink": "https://www.sec.gov/Archives/edgar/data/316709/000031670923000062/schw-20230930.htm"
  },
  {
    "date": "2023-06-30",
    "symbol": "SCHW",
    "reportedCurrency": "USD",
    "cik": "0000316709",
    "fillingDate": "2023-08-08",
    "acceptedDate": "2023-08-08 16:19:03",
    "calendarYear": "2023",
    "period": "Q2",
    "revenue": 4656000000,
    "costOfRevenue": 0,
    "grossProfit": 4656000000,
    "grossProfitRatio": 1,
    "researchAndDevelopmentExpenses": 0,
    "generalAndAdministrativeExpenses": 1498000000,
    "sellingAndMarketingExpenses": 103000000,
    "sellingGeneralAndAdministrativeExpenses": 1601000000,
    "otherExpenses": 1364000000,
    "operatingExpenses": 2965000000,
    "costAndExpenses": 2965000000,
    "interestIncome": 4105000000,
    "interestExpense": 1815000000,
    "depreciationAndAmortization": 325000000,
    "ebitda": 2016000000,
    "ebitdaratio": 0.4329896907,
    "operatingIncome": 1691000000,
    "operatingIncomeRatio": 0.3631872852,
    "totalOtherIncomeExpensesNet": 0,
    "incomeBeforeTax": 1691000000,
    "incomeBeforeTaxRatio": 0.3631872852,
    "incomeTaxExpense": 397000000,
    "netIncome": 1294000000,
    "netIncomeRatio": 0.2779209622,
    "eps": 0.64,
    "epsdiluted": 0.64,
    "weightedAverageShsOut": 1820000000,
    "weightedAverageShsOutDil": 1825000000,
    "link": "https://www.sec.gov/Archives/edgar/data/316709/000031670923000037/0000316709-23-000037-index.htm",
    "finalLink": "https://www.sec.gov/Archives/edgar/data/316709/000031670923000037/schw-20230630.htm"
  },
  {
    "date": "2023-03-31",
    "symbol": "SCHW",
    "reportedCurrency": "USD",
    "cik": "0000316709",
    "fillingDate": "2023-05-08",
    "acceptedDate": "2023-05-08 16:18:53",
    "calendarYear": "2023",
    "period": "Q1",
    "revenue": 5116000000,
    "costOfRevenue": 0,
    "grossProfit": 5116000000,
    "grossProfitRatio": 1,
    "researchAndDevelopmentExpenses": 0,
    "generalAndAdministrativeExpenses": 1638000000,
    "sellingAndMarketingExpenses": 88000000,
    "sellingGeneralAndAdministrativeExpenses": 1726000000,
    "otherExpenses": 1280000000,
    "operatingExpenses": 3006000000,
    "costAndExpenses": 3006000000,
    "interestIncome": 4016000000,
    "interestExpense": 1246000000,
    "depreciationAndAmortization": 312000000,
    "ebitda": 2422000000,
    "ebitdaratio": 0.4734167318,
    "operatingIncome": 2110000000,
    "operatingIncomeRatio": 0.4124315872,
    "totalOtherIncomeExpensesNet": 0,
    "incomeBeforeTax": 2110000000,
    "incomeBeforeTaxRatio": 0.4124315872,
    "incomeTaxExpense": 507000000,
    "netIncome": 1603000000,
    "netIncomeRatio": 0.3133307271,
    "eps": 0.84,
    "epsdiluted": 0.83,
    "weightedAverageShsOut": 1834000000,
    "weightedAverageShsOutDil": 1842000000,
    "link": "https://www.sec.gov/Archives/edgar/data/316709/000031670923000026/0000316709-23-000026-index.htm",
    "finalLink": "https://www.sec.gov/Archives/edgar/data/316709/000031670923000026/schw-20230331.htm"
  },
  {
    "date": "2022-12-31",
    "symbol": "SCHW",
    "reportedCurrency": "USD",
    "cik": "0000316709",
    "fillingDate": "2023-02-24",
    "acceptedDate": "2023-02-24 16:18:16",
    "calendarYear": "2022",
    "period": "Q4",
    "revenue": 5497000000,
    "costOfRevenue": 0,
    "grossProfit": 5497000000,
    "grossProfitRatio": 1,
    "researchAndDevelopmentExpenses": 0,
    "generalAndAdministrativeExpenses": 844000000,
    "sellingAndMarketingExpenses": 123000000,
    "sellingGeneralAndAdministrativeExpenses": 967000000,
    "otherExpenses": 1932000000,
    "operatingExpenses": 2899000000,
    "costAndExpenses": 2899000000,
    "interestIncome": 3839000000,
    "interestExpense": 810000000,
    "depreciationAndAmortization": 312000000,
    "ebitda": 2910000000,
    "ebitdaratio": 0.5293796616,
    "operatingIncome": 2598000000,
    "operatingIncomeRatio": 0.4726214299,
    "totalOtherIncomeExpensesNet": 0,
    "incomeBeforeTax": 2598000000,
    "incomeBeforeTaxRatio": 0.4726214299,
    "incomeTaxExpense": 630000000,
    "netIncome": 1968000000,
    "netIncomeRatio": 0.3580134619,
    "eps": 0.98,
    "epsdiluted": 0.97,
    "weightedAverageShsOut": 1864000000,
    "weightedAverageShsOutDil": 1873000000,
    "link": "https://www.sec.gov/Archives/edgar/data/316709/000031670923000009/0000316709-23-000009-index.htm",
    "finalLink": "https://www.sec.gov/Archives/edgar/data/316709/000031670923000009/schw-20221231.htm"
  },
  {
    "date": "2022-09-30",
    "symbol": "SCHW",
    "reportedCurrency": "USD",
    "cik": "0000316709",
    "fillingDate": "2022-11-08",
    "acceptedDate": "2022-11-08 16:23:18",
    "calendarYear": "2022",
    "period": "Q3",
    "revenue": 5500000000,
    "costOfRevenue": 0,
    "grossProfit": 5500000000,
    "grossProfitRatio": 1,
    "researchAndDevelopmentExpenses": 0,
    "generalAndAdministrativeExpenses": 1476000000,
    "sellingAndMarketingExpenses": 89000000,
    "sellingGeneralAndAdministrativeExpenses": 1565000000,
    "otherExpenses": 1258000000,
    "operatingExpenses": 2823000000,
    "costAndExpenses": 2823000000,
    "interestIncome": 3356000000,
    "interestExpense": 430000000,
    "depreciationAndAmortization": 319000000,
    "ebitda": 2996000000,
    "ebitdaratio": 0.5447272727,
    "operatingIncome": 2677000000,
    "operatingIncomeRatio": 0.4867272727,
    "totalOtherIncomeExpensesNet": 0,
    "incomeBeforeTax": 2677000000,
    "incomeBeforeTaxRatio": 0.4867272727,
    "incomeTaxExpense": 657000000,
    "netIncome": 2020000000,
    "netIncomeRatio": 0.3672727273,
    "eps": 1,
    "epsdiluted": 0.99,
    "weightedAverageShsOut": 1887000000,
    "weightedAverageShsOutDil": 1895000000,
    "link": "https://www.sec.gov/Archives/edgar/data/316709/000031670922000045/0000316709-22-000045-index.htm",
    "finalLink": "https://www.sec.gov/Archives/edgar/data/316709/000031670922000045/schw-20220930.htm"
  },
  {
    "date": "2022-06-30",
    "symbol": "SCHW",
    "reportedCurrency": "USD",
    "cik": "0000316709",
    "fillingDate": "2022-08-08",
    "acceptedDate": "2022-08-08 16:18:58",
    "calendarYear": "2022",
    "period": "Q2",
    "revenue": 5093000000,
    "costOfRevenue": 0,
    "grossProfit": 5093000000,
    "grossProfitRatio": 1,
    "researchAndDevelopmentExpenses": 0,
    "generalAndAdministrativeExpenses": 1426000000,
    "sellingAndMarketingExpenses": 105000000,
    "sellingGeneralAndAdministrativeExpenses": 1531000000,
    "otherExpenses": 1288000000,
    "operatingExpenses": 2819000000,
    "costAndExpenses": 2819000000,
    "interestIncome": 2712000000,
    "interestExpense": 168000000,
    "depreciationAndAmortization": 313000000,
    "ebitda": 2587000000,
    "ebitdaratio": 0.5079520911,
    "operatingIncome": 2274000000,
    "operatingIncomeRatio": 0.4464951895,
    "totalOtherIncomeExpensesNet": 0,
    "incomeBeforeTax": 2274000000,
    "incomeBeforeTaxRatio": 0.4464951895,
    "incomeTaxExpense": 481000000,
    "netIncome": 1793000000,
    "netIncomeRatio": 0.3520518359,
    "eps": 0.87,
    "epsdiluted": 0.87,
    "weightedAverageShsOut": 1896000000,
    "weightedAverageShsOutDil": 1904000000,
    "link": "https://www.sec.gov/Archives/edgar/data/316709/000031670922000028/0000316709-22-000028-index.htm",
    "finalLink": "https://www.sec.gov/Archives/edgar/data/316709/000031670922000028/schw-20220630.htm"
  },
  {
    "date": "2022-03-31",
    "symbol": "SCHW",
    "reportedCurrency": "USD",
    "cik": "0000316709",
    "fillingDate": "2022-05-09",
    "acceptedDate": "2022-05-09 17:08:38",
    "calendarYear": "2022",
    "period": "Q1",
    "revenue": 4672000000,
    "costOfRevenue": 0,
    "grossProfit": 4672000000,
    "grossProfitRatio": 1,
    "researchAndDevelopmentExpenses": 0,
    "generalAndAdministrativeExpenses": 1758000000,
    "sellingAndMarketingExpenses": 102000000,
    "sellingGeneralAndAdministrativeExpenses": 1860000000,
    "otherExpenses": 973000000,
    "operatingExpenses": 2833000000,
    "costAndExpenses": 2833000000,
    "interestIncome": 2319000000,
    "interestExpense": 136000000,
    "depreciationAndAmortization": 304000000,
    "ebitda": 2143000000,
    "ebitdaratio": 0.4586900685,
    "operatingIncome": 1839000000,
    "operatingIncomeRatio": 0.3936215753,
    "totalOtherIncomeExpensesNet": 0,
    "incomeBeforeTax": 1839000000,
    "incomeBeforeTaxRatio": 0.3936215753,
    "incomeTaxExpense": 437000000,
    "netIncome": 1402000000,
    "netIncomeRatio": 0.3000856164,
    "eps": 0.67,
    "epsdiluted": 0.67,
    "weightedAverageShsOut": 1894000000,
    "weightedAverageShsOutDil": 1905000000,
    "link": "https://www.sec.gov/Archives/edgar/data/316709/000031670922000018/0000316709-22-000018-index.htm",
    "finalLink": "https://www.sec.gov/Archives/edgar/data/316709/000031670922000018/schw-20220331.htm"
  },
  {
    "date": "2021-12-31",
    "symbol": "SCHW",
    "reportedCurrency": "USD",
    "cik": "0000316709",
    "fillingDate": "2022-02-24",
    "acceptedDate": "2022-02-24 16:32:07",
    "calendarYear": "2021",
    "period": "Q4",
    "revenue": 4708000000,
    "costOfRevenue": 0,
    "grossProfit": 4708000000,
    "grossProfitRatio": 1,
    "researchAndDevelopmentExpenses": 0,
    "generalAndAdministrativeExpenses": 1596000000,
    "sellingAndMarketingExpenses": 122000000,
    "sellingGeneralAndAdministrativeExpenses": 1718000000,
    "otherExpenses": 967000000,
    "operatingExpenses": 2685000000,
    "costAndExpenses": 2685000000,
    "interestIncome": 2268000000,
    "interestExpense": 126000000,
    "depreciationAndAmortization": 299000000,
    "ebitda": 2322000000,
    "ebitdaratio": 0.4932030586,
    "operatingIncome": 2023000000,
    "operatingIncomeRatio": 0.4296941376,
    "totalOtherIncomeExpensesNet": 0,
    "incomeBeforeTax": 2023000000,
    "incomeBeforeTaxRatio": 0.4296941376,
    "incomeTaxExpense": 443000000,
    "netIncome": 1580000000,
    "netIncomeRatio": 0.3355989805,
    "eps": 0.77,
    "epsdiluted": 0.76,
    "weightedAverageShsOut": 1892000000,
    "weightedAverageShsOutDil": 1902000000,
    "link": "https://www.sec.gov/Archives/edgar/data/316709/000031670922000009/0000316709-22-000009-index.htm",
    "finalLink": "https://www.sec.gov/Archives/edgar/data/316709/000031670922000009/schw-20211231.htm"
  },
  {
    "date": "2021-09-30",
    "symbol": "SCHW",
    "reportedCurrency": "USD",
    "cik": "0000316709",
    "fillingDate": "2021-11-08",
    "acceptedDate": "2021-11-08 16:44:15",
    "calendarYear": "2021",
    "period": "Q3",
    "revenue": 4570000000,
    "costOfRevenue": 0,
    "grossProfit": 4570000000,
    "grossProfitRatio": 1,
    "researchAndDevelopmentExpenses": 0,
    "generalAndAdministrativeExpenses": 1511000000,
    "sellingAndMarketingExpenses": 119000000,
    "sellingGeneralAndAdministrativeExpenses": 1630000000,
    "otherExpenses": 929000000,
    "operatingExpenses": 2559000000,
    "costAndExpenses": 2559000000,
    "interestIncome": 2153000000,
    "interestExpense": 123000000,
    "depreciationAndAmortization": 293000000,
    "ebitda": 2304000000,
    "ebitdaratio": 0.5041575492,
    "operatingIncome": 2011000000,
    "operatingIncomeRatio": 0.4400437637,
    "totalOtherIncomeExpensesNet": 0,
    "incomeBeforeTax": 2011000000,
    "incomeBeforeTaxRatio": 0.4400437637,
    "incomeTaxExpense": 485000000,
    "netIncome": 1526000000,
    "netIncomeRatio": 0.333916849,
    "eps": 0.74,
    "epsdiluted": 0.74,
    "weightedAverageShsOut": 1888000000,
    "weightedAverageShsOutDil": 1898000000,
    "link": "https://www.sec.gov/Archives/edgar/data/316709/000031670921000081/0000316709-21-000081-index.htm",
    "finalLink": "https://www.sec.gov/Archives/edgar/data/316709/000031670921000081/schw-20210930.htm"
  },
  {
    "date": "2021-06-30",
    "symbol": "SCHW",
    "reportedCurrency": "USD",
    "cik": "0000316709",
    "fillingDate": "2021-08-06",
    "acceptedDate": "2021-08-06 16:43:03",
    "calendarYear": "2021",
    "period": "Q2",
    "revenue": 4527000000,
    "costOfRevenue": 0,
    "grossProfit": 4527000000,
    "grossProfitRatio": 1,
    "researchAndDevelopmentExpenses": 0,
    "generalAndAdministrativeExpenses": 1550000000,
    "sellingAndMarketingExpenses": 128000000,
    "sellingGeneralAndAdministrativeExpenses": 1678000000,
    "otherExpenses": 1130000000,
    "operatingExpenses": 2808000000,
    "costAndExpenses": 2808000000,
    "interestIncome": 2069000000,
    "interestExpense": 122000000,
    "depreciationAndAmortization": 289000000,
    "ebitda": 2008000000,
    "ebitdaratio": 0.4435608571,
    "operatingIncome": 1719000000,
    "operatingIncomeRatio": 0.37972167,
    "totalOtherIncomeExpensesNet": 0,
    "incomeBeforeTax": 1719000000,
    "incomeBeforeTaxRatio": 0.37972167,
    "incomeTaxExpense": 454000000,
    "netIncome": 1265000000,
    "netIncomeRatio": 0.2794345041,
    "eps": 0.59,
    "epsdiluted": 0.59,
    "weightedAverageShsOut": 1886000000,
    "weightedAverageShsOutDil": 1896000000,
    "link": "https://www.sec.gov/Archives/edgar/data/316709/000031670921000062/0000316709-21-000062-index.htm",
    "finalLink": "https://www.sec.gov/Archives/edgar/data/316709/000031670921000062/schw-20210630.htm"
  },
  {
    "date": "2021-03-31",
    "symbol": "SCHW",
    "reportedCurrency": "USD",
    "cik": "0000316709",
    "fillingDate": "2021-05-07",
    "acceptedDate": "2021-05-07 16:19:45",
    "calendarYear": "2021",
    "period": "Q1",
    "revenue": 4715000000,
    "costOfRevenue": 0,
    "grossProfit": 4715000000,
    "grossProfitRatio": 1,
    "researchAndDevelopmentExpenses": 0,
    "generalAndAdministrativeExpenses": 1655000000,
    "sellingAndMarketingExpenses": 116000000,
    "sellingGeneralAndAdministrativeExpenses": 1771000000,
    "otherExpenses": 984000000,
    "operatingExpenses": 2755000000,
    "costAndExpenses": 2755000000,
    "interestIncome": 2015000000,
    "interestExpense": 104000000,
    "depreciationAndAmortization": 283000000,
    "ebitda": 2243000000,
    "ebitdaratio": 0.4757158006,
    "operatingIncome": 1960000000,
    "operatingIncomeRatio": 0.4156945917,
    "totalOtherIncomeExpensesNet": 0,
    "incomeBeforeTax": 1960000000,
    "incomeBeforeTaxRatio": 0.4156945917,
    "incomeTaxExpense": 476000000,
    "netIncome": 1484000000,
    "netIncomeRatio": 0.3147401909,
    "eps": 0.74,
    "epsdiluted": 0.73,
    "weightedAverageShsOut": 1882000000,
    "weightedAverageShsOutDil": 1892000000,
    "link": "https://www.sec.gov/Archives/edgar/data/316709/000031670921000029/0000316709-21-000029-index.htm",
    "finalLink": "https://www.sec.gov/Archives/edgar/data/316709/000031670921000029/schw-20210331.htm"
  },
  {
    "date": "2020-12-31",
    "symbol": "SCHW",
    "reportedCurrency": "USD",
    "cik": "0000316709",
    "fillingDate": "2021-02-24",
    "acceptedDate": "2021-02-24 16:20:04",
    "calendarYear": "2020",
    "period": "Q4",
    "revenue": 4176000000,
    "costOfRevenue": 0,
    "grossProfit": 4176000000,
    "grossProfitRatio": 1,
    "researchAndDevelopmentExpenses": 0,
    "generalAndAdministrativeExpenses": 1582000000,
    "sellingAndMarketingExpenses": 123000000,
    "sellingGeneralAndAdministrativeExpenses": 1705000000,
    "otherExpenses": 995000000,
    "operatingExpenses": 2700000000,
    "costAndExpenses": 2700000000,
    "interestIncome": 1905000000,
    "interestExpense": 96000000,
    "depreciationAndAmortization": 277000000,
    "ebitda": 1753000000,
    "ebitdaratio": 0.4197796935,
    "operatingIncome": 1476000000,
    "operatingIncomeRatio": 0.3534482759,
    "totalOtherIncomeExpensesNet": 0,
    "incomeBeforeTax": 1476000000,
    "incomeBeforeTaxRatio": 0.3534482759,
    "incomeTaxExpense": 341000000,
    "netIncome": 1135000000,
    "netIncomeRatio": 0.2717911877,
    "eps": 0.57,
    "epsdiluted": 0.57,
    "weightedAverageShsOut": 1848000000,
    "weightedAverageShsOutDil": 1855000000,
    "link": "https://www.sec.gov/Archives/edgar/data/316709/000031670921000012/0000316709-21-000012-index.htm",
    "finalLink": "https://www.sec.gov/Archives/edgar/data/316709/000031670921000012/schw-20201231.htm"
  },
  {
    "date": "2020-09-30",
    "symbol": "SCHW",
    "reportedCurrency": "USD",
    "cik": "0000316709",
    "fillingDate": "2020-11-09",
    "acceptedDate": "2020-11-09 08:13:34",
    "calendarYear": "2020",
    "period": "Q3",
    "revenue": 2448000000,
    "costOfRevenue": 0,
    "grossProfit": 2448000000,
    "grossProfitRatio": 1,
    "researchAndDevelopmentExpenses": 0,
    "generalAndAdministrativeExpenses": 949000000,
    "sellingAndMarketingExpenses": 66000000,
    "sellingGeneralAndAdministrativeExpenses": 1015000000,
    "otherExpenses": 544000000,
    "operatingExpenses": 1559000000,
    "costAndExpenses": 1559000000,
    "interestIncome": 1435000000,
    "interestExpense": 92000000,
    "depreciationAndAmortization": 122000000,
    "ebitda": 1011000000,
    "ebitdaratio": 0.4129901961,
    "operatingIncome": 889000000,
    "operatingIncomeRatio": 0.3631535948,
    "totalOtherIncomeExpensesNet": 0,
    "incomeBeforeTax": 889000000,
    "incomeBeforeTaxRatio": 0.3631535948,
    "incomeTaxExpense": 191000000,
    "netIncome": 698000000,
    "netIncomeRatio": 0.285130719,
    "eps": 0.48,
    "epsdiluted": 0.48,
    "weightedAverageShsOut": 1289000000,
    "weightedAverageShsOutDil": 1294000000,
    "link": "https://www.sec.gov/Archives/edgar/data/316709/000031670920000054/0000316709-20-000054-index.htm",
    "finalLink": "https://www.sec.gov/Archives/edgar/data/316709/000031670920000054/schw-20200930.htm"
  },
  {
    "date": "2020-06-30",
    "symbol": "SCHW",
    "reportedCurrency": "USD",
    "cik": "0000316709",
    "fillingDate": "2020-08-07",
    "acceptedDate": "2020-08-07 18:37:33",
    "calendarYear": "2020",
    "period": "Q2",
    "revenue": 2450000000,
    "costOfRevenue": 0,
    "grossProfit": 2450000000,
    "grossProfitRatio": 1,
    "researchAndDevelopmentExpenses": 0,
    "generalAndAdministrativeExpenses": 933000000,
    "sellingAndMarketingExpenses": 70000000,
    "sellingGeneralAndAdministrativeExpenses": 1003000000,
    "otherExpenses": 559000000,
    "operatingExpenses": 1562000000,
    "costAndExpenses": 1562000000,
    "interestIncome": 1486000000,
    "interestExpense": 97000000,
    "depreciationAndAmortization": 109000000,
    "ebitda": 997000000,
    "ebitdaratio": 0.4069387755,
    "operatingIncome": 888000000,
    "operatingIncomeRatio": 0.3624489796,
    "totalOtherIncomeExpensesNet": 0,
    "incomeBeforeTax": 888000000,
    "incomeBeforeTaxRatio": 0.3624489796,
    "incomeTaxExpense": 217000000,
    "netIncome": 671000000,
    "netIncomeRatio": 0.273877551,
    "eps": 0.48,
    "epsdiluted": 0.48,
    "weightedAverageShsOut": 1288000000,
    "weightedAverageShsOutDil": 1294000000,
    "link": "https://www.sec.gov/Archives/edgar/data/316709/000031670920000045/0000316709-20-000045-index.htm",
    "finalLink": "https://www.sec.gov/Archives/edgar/data/316709/000031670920000045/schw-06302020x10q.htm"
  },
  {
    "date": "2020-03-31",
    "symbol": "SCHW",
    "reportedCurrency": "USD",
    "cik": "0000316709",
    "fillingDate": "2020-05-08",
    "acceptedDate": "2020-05-08 16:49:58",
    "calendarYear": "2020",
    "period": "Q1",
    "revenue": 2617000000,
    "costOfRevenue": 0,
    "grossProfit": 2617000000,
    "grossProfitRatio": 1,
    "researchAndDevelopmentExpenses": 0,
    "generalAndAdministrativeExpenses": 1006000000,
    "sellingAndMarketingExpenses": 67000000,
    "sellingGeneralAndAdministrativeExpenses": 1073000000,
    "otherExpenses": 497000000,
    "operatingExpenses": 1570000000,
    "costAndExpenses": 1570000000,
    "interestIncome": 1708000000,
    "interestExpense": 136000000,
    "depreciationAndAmortization": 96000000,
    "ebitda": 1143000000,
    "ebitdaratio": 0.4367596485,
    "operatingIncome": 1047000000,
    "operatingIncomeRatio": 0.4000764234,
    "totalOtherIncomeExpensesNet": 0,
    "incomeBeforeTax": 1047000000,
    "incomeBeforeTaxRatio": 0.4000764234,
    "incomeTaxExpense": 252000000,
    "netIncome": 795000000,
    "netIncomeRatio": 0.3037829576,
    "eps": 0.59,
    "epsdiluted": 0.58,
    "weightedAverageShsOut": 1287000000,
    "weightedAverageShsOutDil": 1294000000,
    "link": "https://www.sec.gov/Archives/edgar/data/316709/000031670920000021/0000316709-20-000021-index.htm",
    "finalLink": "https://www.sec.gov/Archives/edgar/data/316709/000031670920000021/schw-03312020x10q.htm"
  }
]