[
  {
    "date": "2024-12-31",
    "symbol": "VS",
    "reportedCurrency": "USD",
    "cik": "0001701963",
    "fillingDate": "2025-03-31",
    "acceptedDate": "2025-03-31 12:52:37",
    "calendarYear": "2024",
    "period": "Q4",
    "revenue": 1202,
    "costOfRevenue": 601,
    "grossProfit": 601,
    "grossProfitRatio": 0.5,
    "researchAndDevelopmentExpenses": 127942,
    "generalAndAdministrativeExpenses": 881156,
    "sellingAndMarketingExpenses": 601,
    "sellingGeneralAndAdministrativeExpenses": 881757,
    "otherExpenses": 0,
    "operatingExpenses": 1009699,
    "costAndExpenses": 1010300,
    "interestIncome": 0,
    "interestExpense": 0,
    "depreciationAndAmortization": -4,
    "ebitda": -1009098,
    "ebitdaratio": -839.5158069884,
    "operatingIncome": -1009094,
    "operatingIncomeRatio": -839.5124792013,
    "totalOtherIncomeExpensesNet": -11140,
    "incomeBeforeTax": -1020234,
    "incomeBeforeTaxRatio": -848.7803660566,
    "incomeTaxExpense": 24226,
    "netIncome": -511955,
    "netIncomeRatio": -425.9193011647,
    "eps": -0.19,
    "epsdiluted": -0.19,
    "weightedAverageShsOut": 2628226,
    "weightedAverageShsOutDil": 2628226,
    "link": "https://www.sec.gov/Archives/edgar/data/1701963/000121390025026006/0001213900-25-026006-index.htm",
    "finalLink": "https://www.sec.gov/Archives/edgar/data/1701963/000121390025026006/ea0234220-10k_versus.htm"
  },
  {
    "date": "2024-09-30",
    "symbol": "VS",
    "reportedCurrency": "USD",
    "cik": "0001701963",
    "fillingDate": "2024-11-14",
    "acceptedDate": "2024-11-14 14:45:49",
    "calendarYear": "2024",
    "period": "Q3",
    "revenue": 3848,
    "costOfRevenue": 0,
    "grossProfit": 3848,
    "grossProfitRatio": 1,
    "researchAndDevelopmentExpenses": 11462,
    "generalAndAdministrativeExpenses": 521410,
    "sellingAndMarketingExpenses": 0,
    "sellingGeneralAndAdministrativeExpenses": 521410,
    "otherExpenses": 0,
    "operatingExpenses": 532872,
    "costAndExpenses": 532872,
    "interestIncome": 0,
    "interestExpense": 0,
    "depreciationAndAmortization": 1688,
    "ebitda": -527336,
    "ebitdaratio": -137.0415800416,
    "operatingIncome": -529024,
    "operatingIncomeRatio": -137.4802494802,
    "totalOtherIncomeExpensesNet": 73,
    "incomeBeforeTax": -528951,
    "incomeBeforeTaxRatio": -137.4612785863,
    "incomeTaxExpense": 0,
    "netIncome": -528951,
    "netIncomeRatio": -137.4612785863,
    "eps": -0.21,
    "epsdiluted": -0.21,
    "weightedAverageShsOut": 2506015,
    "weightedAverageShsOutDil": 2506015,
    "link": "https://www.sec.gov/Archives/edgar/data/1701963/000121390024098269/0001213900-24-098269-index.htm",
    "finalLink": "https://www.sec.gov/Archives/edgar/data/1701963/000121390024098269/ea0219148-10q_versus.htm"
  },
  {
    "date": "2024-06-30",
    "symbol": "VS",
    "reportedCurrency": "USD",
    "cik": "0001701963",
    "fillingDate": "2024-08-14",
    "acceptedDate": "2024-08-14 14:36:54",
    "calendarYear": "2024",
    "period": "Q2",
    "revenue": 26937,
    "costOfRevenue": 16231,
    "grossProfit": 10706,
    "grossProfitRatio": 0.3974458923,
    "researchAndDevelopmentExpenses": 67203,
    "generalAndAdministrativeExpenses": 0,
    "sellingAndMarketingExpenses": 0,
    "sellingGeneralAndAdministrativeExpenses": 1443171,
    "otherExpenses": 0,
    "operatingExpenses": 1510374,
    "costAndExpenses": 1526605,
    "interestIncome": 0,
    "interestExpense": 0,
    "depreciationAndAmortization": 0,
    "ebitda": -1499668,
    "ebitdaratio": -55.673163307,
    "operatingIncome": -1499668,
    "operatingIncomeRatio": -55.673163307,
    "totalOtherIncomeExpensesNet": -74,
    "incomeBeforeTax": -1499742,
    "incomeBeforeTaxRatio": -55.6759104577,
    "incomeTaxExpense": 0,
    "netIncome": -1499742,
    "netIncomeRatio": -55.6759104577,
    "eps": -0.54,
    "epsdiluted": -0.54,
    "weightedAverageShsOut": 2506015,
    "weightedAverageShsOutDil": 2506015,
    "link": "https://www.sec.gov/Archives/edgar/data/1701963/000121390024068862/0001213900-24-068862-index.htm",
    "finalLink": "https://www.sec.gov/Archives/edgar/data/1701963/000121390024068862/ea0210880-10q_versus.htm"
  },
  {
    "date": "2024-03-31",
    "symbol": "VS",
    "reportedCurrency": "USD",
    "cik": "0001701963",
    "fillingDate": "2024-05-15",
    "acceptedDate": "2024-05-15 16:01:11",
    "calendarYear": "2024",
    "period": "Q1",
    "revenue": 26503,
    "costOfRevenue": 24647,
    "grossProfit": 1856,
    "grossProfitRatio": 0.0700298079,
    "researchAndDevelopmentExpenses": 39412,
    "generalAndAdministrativeExpenses": -601,
    "sellingAndMarketingExpenses": 1464481,
    "sellingGeneralAndAdministrativeExpenses": 1463880,
    "otherExpenses": -247,
    "operatingExpenses": 1503292,
    "costAndExpenses": 1527939,
    "interestIncome": 0,
    "interestExpense": 0,
    "depreciationAndAmortization": 601.0000000023,
    "ebitda": -1501436,
    "ebitdaratio": -56.6515488813,
    "operatingIncome": -1501440,
    "operatingIncomeRatio": -56.6516998076,
    "totalOtherIncomeExpensesNet": -243,
    "incomeBeforeTax": -1501683,
    "incomeBeforeTaxRatio": -56.6608685809,
    "incomeTaxExpense": -173293,
    "netIncome": -1328391,
    "netIncomeRatio": -50.1222880429,
    "eps": -0.53,
    "epsdiluted": -0.53,
    "weightedAverageShsOut": 2506015,
    "weightedAverageShsOutDil": 2506015,
    "link": "https://www.sec.gov/Archives/edgar/data/1701963/000121390024043555/0001213900-24-043555-index.htm",
    "finalLink": "https://www.sec.gov/Archives/edgar/data/1701963/000121390024043555/ea0205846-10q_versus.htm"
  },
  {
    "date": "2023-12-31",
    "symbol": "VS",
    "reportedCurrency": "USD",
    "cik": "0001701963",
    "fillingDate": "2024-04-01",
    "acceptedDate": "2024-04-01 14:07:01",
    "calendarYear": "2023",
    "period": "Q4",
    "revenue": 34216,
    "costOfRevenue": 564711,
    "grossProfit": -530495,
    "grossProfitRatio": -15.5042962357,
    "researchAndDevelopmentExpenses": 50317,
    "generalAndAdministrativeExpenses": -3447119,
    "sellingAndMarketingExpenses": 5822219,
    "sellingGeneralAndAdministrativeExpenses": 930058,
    "otherExpenses": 0,
    "operatingExpenses": 980375,
    "costAndExpenses": 1545086,
    "interestIncome": 0,
    "interestExpense": 0,
    "depreciationAndAmortization": 349179,
    "ebitda": -1031258,
    "ebitdaratio": -30.1396422726,
    "operatingIncome": -1510870,
    "operatingIncomeRatio": -44.1568272153,
    "totalOtherIncomeExpensesNet": -205849,
    "incomeBeforeTax": -5493090,
    "incomeBeforeTaxRatio": -160.5415595043,
    "incomeTaxExpense": -367613,
    "netIncome": -5111201,
    "netIncomeRatio": -149.3804360533,
    "eps": -3.3,
    "epsdiluted": -3.3,
    "weightedAverageShsOut": 1548143,
    "weightedAverageShsOutDil": 1548143,
    "link": "https://www.sec.gov/Archives/edgar/data/1701963/000121390024028552/0001213900-24-028552-index.htm",
    "finalLink": "https://www.sec.gov/Archives/edgar/data/1701963/000121390024028552/ea0201398-10k_versus.htm"
  },
  {
    "date": "2023-09-30",
    "symbol": "VS",
    "reportedCurrency": "USD",
    "cik": "0001701963",
    "fillingDate": "2023-09-30",
    "acceptedDate": "2023-09-29 20:00:00",
    "calendarYear": "2023",
    "period": "Q3",
    "revenue": 22950,
    "costOfRevenue": 633678,
    "grossProfit": -610728,
    "grossProfitRatio": -26.6112418301,
    "researchAndDevelopmentExpenses": 161043,
    "generalAndAdministrativeExpenses": 932645,
    "sellingAndMarketingExpenses": 42715,
    "sellingGeneralAndAdministrativeExpenses": 975360,
    "otherExpenses": 0,
    "operatingExpenses": 1609038,
    "costAndExpenses": 1609038,
    "interestIncome": 0,
    "interestExpense": 16615,
    "depreciationAndAmortization": 633678,
    "ebitda": -923191,
    "ebitdaratio": -40.2261873638,
    "operatingIncome": -1927589,
    "operatingIncomeRatio": -83.9908061002,
    "totalOtherIncomeExpensesNet": 354105,
    "incomeBeforeTax": -1573484,
    "incomeBeforeTaxRatio": -68.5613943355,
    "incomeTaxExpense": 16615,
    "netIncome": -1573484,
    "netIncomeRatio": -68.5613943355,
    "eps": -0.15,
    "epsdiluted": -0.15,
    "weightedAverageShsOut": 10714171,
    "weightedAverageShsOutDil": 10714171,
    "link": null,
    "finalLink": null
  },
  {
    "date": "2023-06-30",
    "symbol": "VS",
    "reportedCurrency": "USD",
    "cik": "0001701963",
    "fillingDate": "2023-08-14",
    "acceptedDate": "2023-08-14 16:01:36",
    "calendarYear": "2023",
    "period": "Q2",
    "revenue": 56053,
    "costOfRevenue": 725388,
    "grossProfit": -669335,
    "grossProfitRatio": -11.9411093073,
    "researchAndDevelopmentExpenses": 157065,
    "generalAndAdministrativeExpenses": 1510951,
    "sellingAndMarketingExpenses": 43485,
    "sellingGeneralAndAdministrativeExpenses": 1554436,
    "otherExpenses": 0,
    "operatingExpenses": 2279824,
    "costAndExpenses": 2279824,
    "interestIncome": 26876,
    "interestExpense": 20288,
    "depreciationAndAmortization": 725388,
    "ebitda": -1585267,
    "ebitdaratio": -28.2815727972,
    "operatingIncome": -2310655,
    "operatingIncomeRatio": -41.2226821044,
    "totalOtherIncomeExpensesNet": 0,
    "incomeBeforeTax": -2310655,
    "incomeBeforeTaxRatio": -41.2226821044,
    "incomeTaxExpense": 20288,
    "netIncome": -2310655,
    "netIncomeRatio": -41.2226821044,
    "eps": -0.22,
    "epsdiluted": -0.22,
    "weightedAverageShsOut": 10714171,
    "weightedAverageShsOutDil": 10714171,
    "link": "https://www.sec.gov/Archives/edgar/data/1701963/000121390023066982/0001213900-23-066982-index.htm",
    "finalLink": "https://www.sec.gov/Archives/edgar/data/1701963/000121390023066982/ea183090ex99-1_versussys.htm"
  },
  {
    "date": "2023-03-31",
    "symbol": "VS",
    "reportedCurrency": "USD",
    "cik": "0001701963",
    "fillingDate": "2023-05-15",
    "acceptedDate": "2023-05-15 16:05:07",
    "calendarYear": "2023",
    "period": "Q1",
    "revenue": 157950,
    "costOfRevenue": 213013,
    "grossProfit": -55063,
    "grossProfitRatio": -0.3486103197,
    "researchAndDevelopmentExpenses": 160248,
    "generalAndAdministrativeExpenses": 649418,
    "sellingAndMarketingExpenses": 36490,
    "sellingGeneralAndAdministrativeExpenses": 685908,
    "otherExpenses": 759954,
    "operatingExpenses": 1445862,
    "costAndExpenses": 1445862,
    "interestIncome": 33281,
    "interestExpense": 24625,
    "depreciationAndAmortization": 759954,
    "ebitda": -566935,
    "ebitdaratio": -3.5893320671,
    "operatingIncome": -1326889,
    "operatingIncomeRatio": -8.4006900918,
    "totalOtherIncomeExpensesNet": 0,
    "incomeBeforeTax": -1326889,
    "incomeBeforeTaxRatio": -8.4006900918,
    "incomeTaxExpense": 14352,
    "netIncome": -1341241,
    "netIncomeRatio": -8.4915542893,
    "eps": -0.16,
    "epsdiluted": -0.16,
    "weightedAverageShsOut": 8244859,
    "weightedAverageShsOutDil": 8244859,
    "link": "https://www.sec.gov/Archives/edgar/data/1701963/000121390023039742/0001213900-23-039742-index.htm",
    "finalLink": "https://www.sec.gov/Archives/edgar/data/1701963/000121390023039742/ea178398ex99-1_versussys.htm"
  },
  {
    "date": "2022-12-31",
    "symbol": "VS",
    "reportedCurrency": "USD",
    "cik": "0001701963",
    "fillingDate": "2023-03-29",
    "acceptedDate": "2023-03-29 16:03:54",
    "calendarYear": "2022",
    "period": "Q4",
    "revenue": 217604,
    "costOfRevenue": 19125195000000,
    "grossProfit": -19125194782396,
    "grossProfitRatio": -87889904.51644272,
    "researchAndDevelopmentExpenses": 233181,
    "generalAndAdministrativeExpenses": 1554362,
    "sellingAndMarketingExpenses": 41568,
    "sellingGeneralAndAdministrativeExpenses": 1595930,
    "otherExpenses": 2178098,
    "operatingExpenses": 3774028,
    "costAndExpenses": 3774028,
    "interestIncome": 36931,
    "interestExpense": 26787,
    "depreciationAndAmortization": 1098711,
    "ebitda": -4514663,
    "ebitdaratio": -20.7471507877,
    "operatingIncome": -11866326,
    "operatingIncomeRatio": -54.53174574,
    "totalOtherIncomeExpensesNet": 126589,
    "incomeBeforeTax": -11670698,
    "incomeBeforeTaxRatio": -53.6327365306,
    "incomeTaxExpense": 8283115,
    "netIncome": -19953813,
    "netIncomeRatio": -91.6978226503,
    "eps": -4.78,
    "epsdiluted": -4.78,
    "weightedAverageShsOut": 4172170,
    "weightedAverageShsOutDil": 4172170,
    "link": "https://www.sec.gov/Archives/edgar/data/1701963/000121390023024078/0001213900-23-024078-index.htm",
    "finalLink": "https://www.sec.gov/Archives/edgar/data/1701963/000121390023024078/f20f2022_versussys.htm"
  },
  {
    "date": "2022-09-30",
    "symbol": "VS",
    "reportedCurrency": "USD",
    "cik": "0001701963",
    "fillingDate": "2022-11-14",
    "acceptedDate": "2022-11-14 16:50:23",
    "calendarYear": "2022",
    "period": "Q3",
    "revenue": 316819,
    "costOfRevenue": 361503,
    "grossProfit": -44684,
    "grossProfitRatio": -0.141039521,
    "researchAndDevelopmentExpenses": 0,
    "generalAndAdministrativeExpenses": 2885559,
    "sellingAndMarketingExpenses": 24234,
    "sellingGeneralAndAdministrativeExpenses": 2909793,
    "otherExpenses": 703978,
    "operatingExpenses": 3613771,
    "costAndExpenses": 3613771,
    "interestIncome": 62619,
    "interestExpense": 29155,
    "depreciationAndAmortization": 703978,
    "ebitda": -2776941,
    "ebitdaratio": -8.765070908,
    "operatingIncome": -3297779,
    "operatingIncomeRatio": -10.4090316553,
    "totalOtherIncomeExpensesNet": -212295,
    "incomeBeforeTax": -3510074,
    "incomeBeforeTaxRatio": -11.0791145733,
    "incomeTaxExpense": 212295,
    "netIncome": -3722369,
    "netIncomeRatio": -11.7491974913,
    "eps": -2.33,
    "epsdiluted": -2.33,
    "weightedAverageShsOut": 1598519,
    "weightedAverageShsOutDil": 1598519,
    "link": "https://www.sec.gov/Archives/edgar/data/1701963/000121390022072338/0001213900-22-072338-index.htm",
    "finalLink": "https://www.sec.gov/Archives/edgar/data/1701963/000121390022072338/ea168280ex99-1_versussystems.htm"
  },
  {
    "date": "2022-06-30",
    "symbol": "VS",
    "reportedCurrency": "USD",
    "cik": "0001701963",
    "fillingDate": "2022-05-17",
    "acceptedDate": "2022-05-16 19:24:55",
    "calendarYear": "2022",
    "period": "Q2",
    "revenue": 250661,
    "costOfRevenue": 469834,
    "grossProfit": -219173,
    "grossProfitRatio": -0.8743801389,
    "researchAndDevelopmentExpenses": 0,
    "generalAndAdministrativeExpenses": 2989975,
    "sellingAndMarketingExpenses": 29406,
    "sellingGeneralAndAdministrativeExpenses": 3019381,
    "otherExpenses": 695859,
    "operatingExpenses": 3715240,
    "costAndExpenses": 3715240,
    "interestIncome": -19739,
    "interestExpense": 30482,
    "depreciationAndAmortization": 695859,
    "ebitda": -2788459,
    "ebitdaratio": -11.1244230255,
    "operatingIncome": -3339456,
    "operatingIncomeRatio": -13.3225990481,
    "totalOtherIncomeExpensesNet": 113313,
    "incomeBeforeTax": -3226143,
    "incomeBeforeTaxRatio": -12.8705422862,
    "incomeTaxExpense": -598722,
    "netIncome": -2627421,
    "netIncomeRatio": -10.4819696722,
    "eps": -1.9,
    "epsdiluted": -1.9,
    "weightedAverageShsOut": 1380723,
    "weightedAverageShsOutDil": 1380723,
    "link": "https://www.sec.gov/Archives/edgar/data/1701963/000121390022027316/0001213900-22-027316-index.htm",
    "finalLink": "https://www.sec.gov/Archives/edgar/data/1701963/000121390022027316/ea160097ex99-1_versussys.htm"
  },
  {
    "date": "2022-03-31",
    "symbol": "VS",
    "reportedCurrency": "USD",
    "cik": "0001701963",
    "fillingDate": "2022-04-04",
    "acceptedDate": "2022-04-01 21:10:44",
    "calendarYear": "2022",
    "period": "Q1",
    "revenue": 323756,
    "costOfRevenue": 0,
    "grossProfit": 323756,
    "grossProfitRatio": 1,
    "researchAndDevelopmentExpenses": 0,
    "generalAndAdministrativeExpenses": 2976379,
    "sellingAndMarketingExpenses": 48849,
    "sellingGeneralAndAdministrativeExpenses": 3025228,
    "otherExpenses": 712184,
    "operatingExpenses": 3737412,
    "costAndExpenses": 3737412,
    "interestIncome": -24358,
    "interestExpense": 36568,
    "depreciationAndAmortization": 712184,
    "ebitda": -2606666,
    "ebitdaratio": -8.0513287785,
    "operatingIncome": -3559057,
    "operatingIncomeRatio": -10.9930225231,
    "totalOtherIncomeExpensesNet": 203639,
    "incomeBeforeTax": -3355418,
    "incomeBeforeTaxRatio": -10.3640334079,
    "incomeTaxExpense": -977157,
    "netIncome": -2378261,
    "netIncomeRatio": -7.3458437836,
    "eps": -1.87,
    "epsdiluted": -1.87,
    "weightedAverageShsOut": 1272093,
    "weightedAverageShsOutDil": 1272093,
    "link": "https://www.sec.gov/Archives/edgar/data/1701963/000121390022017630/0001213900-22-017630-index.htm",
    "finalLink": "https://www.sec.gov/Archives/edgar/data/1701963/000121390022017630/ea157914ex99-1_versussystem.htm"
  },
  {
    "date": "2021-12-31",
    "symbol": "VS",
    "reportedCurrency": "USD",
    "cik": "0001701963",
    "fillingDate": "2021-11-17",
    "acceptedDate": "2021-11-17 12:16:25",
    "calendarYear": "2021",
    "period": "Q4",
    "revenue": 393267,
    "costOfRevenue": 0,
    "grossProfit": 393267,
    "grossProfitRatio": 1,
    "researchAndDevelopmentExpenses": 0,
    "generalAndAdministrativeExpenses": 2890745,
    "sellingAndMarketingExpenses": 59110,
    "sellingGeneralAndAdministrativeExpenses": 2949855,
    "otherExpenses": 617917,
    "operatingExpenses": 3567772,
    "costAndExpenses": 3567772,
    "interestIncome": -39710,
    "interestExpense": 7117,
    "depreciationAndAmortization": 648710,
    "ebitda": -3479584,
    "ebitdaratio": -8.8478921445,
    "operatingIncome": -3395448,
    "operatingIncomeRatio": -8.6339509799,
    "totalOtherIncomeExpensesNet": 1144599,
    "incomeBeforeTax": -2490288,
    "incomeBeforeTaxRatio": -6.3323085842,
    "incomeTaxExpense": 7117,
    "netIncome": -5129484,
    "netIncomeRatio": -13.0432606855,
    "eps": -5.04,
    "epsdiluted": -5.04,
    "weightedAverageShsOut": 1016950,
    "weightedAverageShsOutDil": 1016950,
    "link": "https://www.sec.gov/Archives/edgar/data/1701963/000121390021060241/0001213900-21-060241-index.htm",
    "finalLink": "https://www.sec.gov/Archives/edgar/data/1701963/000121390021060241/ea150882ex99-1_versussystem.htm"
  },
  {
    "date": "2021-09-30",
    "symbol": "VS",
    "reportedCurrency": "USD",
    "cik": "0001701963",
    "fillingDate": "2021-08-16",
    "acceptedDate": "2021-08-16 17:28:21",
    "calendarYear": "2021",
    "period": "Q3",
    "revenue": 304684,
    "costOfRevenue": 0,
    "grossProfit": 304684,
    "grossProfitRatio": 1,
    "researchAndDevelopmentExpenses": 0,
    "generalAndAdministrativeExpenses": 3283444,
    "sellingAndMarketingExpenses": 93550,
    "sellingGeneralAndAdministrativeExpenses": 3376994,
    "otherExpenses": 2188,
    "operatingExpenses": 3989429,
    "costAndExpenses": 3989429,
    "interestIncome": -47857,
    "interestExpense": 29806,
    "depreciationAndAmortization": 612435,
    "ebitda": -3117979,
    "ebitdaratio": -10.2334845282,
    "operatingIncome": -3268932,
    "operatingIncomeRatio": -10.7289257066,
    "totalOtherIncomeExpensesNet": 1690978,
    "incomeBeforeTax": -1577954,
    "incomeBeforeTaxRatio": -5.1789854407,
    "incomeTaxExpense": -967236.659182,
    "netIncome": -572952,
    "netIncomeRatio": -1.8804794476,
    "eps": -0.57,
    "epsdiluted": -0.57,
    "weightedAverageShsOut": 1009000,
    "weightedAverageShsOutDil": 1009000,
    "link": "https://www.sec.gov/Archives/edgar/data/1701963/000121390021043162/0001213900-21-043162-index.htm",
    "finalLink": "https://www.sec.gov/Archives/edgar/data/1701963/000121390021043162/ea145898ex99-1_versus.htm"
  },
  {
    "date": "2021-06-30",
    "symbol": "VS",
    "reportedCurrency": "CAD",
    "cik": "0001701963",
    "fillingDate": "2021-06-30",
    "acceptedDate": "2021-06-30 00:00:00",
    "calendarYear": "2021",
    "period": "Q2",
    "revenue": 68752,
    "costOfRevenue": 0,
    "grossProfit": 68752,
    "grossProfitRatio": 1,
    "researchAndDevelopmentExpenses": 0,
    "generalAndAdministrativeExpenses": 3515156,
    "sellingAndMarketingExpenses": 512941,
    "sellingGeneralAndAdministrativeExpenses": 4028097,
    "otherExpenses": 845048,
    "operatingExpenses": 4709626,
    "costAndExpenses": 4709626,
    "interestIncome": 0,
    "interestExpense": 115040,
    "depreciationAndAmortization": 690904,
    "ebitda": -1663070,
    "ebitdaratio": -24.1894053991,
    "operatingIncome": -4640874.081601,
    "operatingIncomeRatio": -67.5016593205,
    "totalOtherIncomeExpensesNet": 1745772,
    "incomeBeforeTax": -6631118.692184,
    "incomeBeforeTaxRatio": -96.4498297094,
    "incomeTaxExpense": -308676.29624299984,
    "netIncome": -6283848.281758,
    "netIncomeRatio": -91.3987706795,
    "eps": -6.81,
    "epsdiluted": -6.81,
    "weightedAverageShsOut": 922187,
    "weightedAverageShsOutDil": 922187,
    "link": null,
    "finalLink": null
  },
  {
    "date": "2021-03-31",
    "symbol": "VS",
    "reportedCurrency": "CAD",
    "cik": "0001701963",
    "fillingDate": "2021-05-19",
    "acceptedDate": "2021-05-18 19:36:41",
    "calendarYear": "2021",
    "period": "Q1",
    "revenue": 333.520823,
    "costOfRevenue": 0,
    "grossProfit": 333.520823,
    "grossProfitRatio": 1,
    "researchAndDevelopmentExpenses": 0,
    "generalAndAdministrativeExpenses": 2092558,
    "sellingAndMarketingExpenses": 204463,
    "sellingGeneralAndAdministrativeExpenses": 2297022,
    "otherExpenses": 501073,
    "operatingExpenses": 2693977,
    "costAndExpenses": 2693977,
    "interestIncome": 0,
    "interestExpense": 202772,
    "depreciationAndAmortization": 401216,
    "ebitda": -2829447,
    "ebitdaratio": -8483.5692552845,
    "operatingIncome": -2693644.091294,
    "operatingIncomeRatio": -8076.3895551253,
    "totalOtherIncomeExpensesNet": -8729407,
    "incomeBeforeTax": -2847732.296065,
    "incomeBeforeTaxRatio": -8538.394306088,
    "incomeTaxExpense": -124842.15196199995,
    "netIncome": -2647002.669751,
    "netIncomeRatio": -7936.5439493144,
    "eps": -3.7,
    "epsdiluted": -3.7,
    "weightedAverageShsOut": 715572,
    "weightedAverageShsOutDil": 715572,
    "link": "https://www.sec.gov/Archives/edgar/data/1701963/000121390021027723/0001213900-21-027723-index.htm",
    "finalLink": "https://www.sec.gov/Archives/edgar/data/1701963/000121390021027723/ea141289ex99-1_versussystems.htm"
  },
  {
    "date": "2020-12-31",
    "symbol": "VS",
    "reportedCurrency": "CAD",
    "cik": "0001701963",
    "fillingDate": "2021-05-05",
    "acceptedDate": "2021-05-05 06:31:27",
    "calendarYear": "2020",
    "period": "Q4",
    "revenue": 439649,
    "costOfRevenue": 107385,
    "grossProfit": 332264,
    "grossProfitRatio": 0.7557483356,
    "researchAndDevelopmentExpenses": 0,
    "generalAndAdministrativeExpenses": 2019056,
    "sellingAndMarketingExpenses": 339008,
    "sellingGeneralAndAdministrativeExpenses": 2358064,
    "otherExpenses": 45216,
    "operatingExpenses": 2783760,
    "costAndExpenses": 2477144,
    "interestIncome": 0,
    "interestExpense": 140967,
    "depreciationAndAmortization": 425696,
    "ebitda": -1638247.569957,
    "ebitdaratio": -3.7262624729,
    "operatingIncome": -2037495.513189,
    "operatingIncomeRatio": -4.6343685831,
    "totalOtherIncomeExpensesNet": -15202,
    "incomeBeforeTax": -2016433.428712,
    "incomeBeforeTaxRatio": -4.5864619929,
    "incomeTaxExpense": 2083110,
    "netIncome": -1856264.451857,
    "netIncomeRatio": -4.2221509701,
    "eps": -2.79,
    "epsdiluted": -2.79,
    "weightedAverageShsOut": 666497,
    "weightedAverageShsOutDil": 666497,
    "link": "https://www.sec.gov/Archives/edgar/data/1701963/000121390021024608/0001213900-21-024608-index.htm",
    "finalLink": "https://www.sec.gov/Archives/edgar/data/1701963/000121390021024608/f20f2020_versussystemsinc.htm"
  },
  {
    "date": "2020-09-30",
    "symbol": "VS",
    "reportedCurrency": "CAD",
    "cik": "0001701963",
    "fillingDate": "2020-09-30",
    "acceptedDate": "2020-09-29 20:00:00",
    "calendarYear": "2020",
    "period": "Q3",
    "revenue": 565008,
    "costOfRevenue": 306616,
    "grossProfit": 258392,
    "grossProfitRatio": 0.4573244981,
    "researchAndDevelopmentExpenses": 0,
    "generalAndAdministrativeExpenses": 753629,
    "sellingAndMarketingExpenses": 143369,
    "sellingGeneralAndAdministrativeExpenses": 896999,
    "otherExpenses": -59829.21946,
    "operatingExpenses": 1219074,
    "costAndExpenses": 1525691,
    "interestIncome": 0,
    "interestExpense": 173527,
    "depreciationAndAmortization": 310059,
    "ebitda": -869100,
    "ebitdaratio": -1.5382083086,
    "operatingIncome": -960682.37509,
    "operatingIncomeRatio": -1.7002987127,
    "totalOtherIncomeExpensesNet": -258067,
    "incomeBeforeTax": -1219316.280182,
    "incomeBeforeTaxRatio": -2.1580513553,
    "incomeTaxExpense": -205251.416081,
    "netIncome": -1021528.358833,
    "netIncomeRatio": -1.8079891945,
    "eps": -1.64,
    "epsdiluted": -1.64,
    "weightedAverageShsOut": 622948,
    "weightedAverageShsOutDil": 622948,
    "link": "",
    "finalLink": ""
  },
  {
    "date": "2020-06-30",
    "symbol": "VS",
    "reportedCurrency": "CAD",
    "cik": "0001701963",
    "fillingDate": "2020-06-30",
    "acceptedDate": "2020-06-29 20:00:00",
    "calendarYear": "2020",
    "period": "Q2",
    "revenue": 448357,
    "costOfRevenue": 0,
    "grossProfit": 448357,
    "grossProfitRatio": 1,
    "researchAndDevelopmentExpenses": 0,
    "generalAndAdministrativeExpenses": 1840455,
    "sellingAndMarketingExpenses": 19874,
    "sellingGeneralAndAdministrativeExpenses": 1860329,
    "otherExpenses": -395169.863816,
    "operatingExpenses": 2262391,
    "costAndExpenses": 2262391,
    "interestIncome": 0,
    "interestExpense": 297178,
    "depreciationAndAmortization": 418945,
    "ebitda": -1633474,
    "ebitdaratio": -3.6432441113,
    "operatingIncome": -1814034.265632,
    "operatingIncomeRatio": -4.0459595047,
    "totalOtherIncomeExpensesNet": -461699,
    "incomeBeforeTax": -2130451.017719,
    "incomeBeforeTaxRatio": -4.7516845231,
    "incomeTaxExpense": -1035140.5769510001,
    "netIncome": -1423141.748426,
    "netIncomeRatio": -3.1741263066,
    "eps": -2.33,
    "epsdiluted": -2.33,
    "weightedAverageShsOut": 610937,
    "weightedAverageShsOutDil": 610937,
    "link": "",
    "finalLink": ""
  },
  {
    "date": "2020-03-31",
    "symbol": "VS",
    "reportedCurrency": "CAD",
    "cik": "0001701963",
    "fillingDate": "2020-03-31",
    "acceptedDate": "2020-03-30 20:00:00",
    "calendarYear": "2020",
    "period": "Q1",
    "revenue": 183.330983,
    "costOfRevenue": 0,
    "grossProfit": 183.330983,
    "grossProfitRatio": 1,
    "researchAndDevelopmentExpenses": 0,
    "generalAndAdministrativeExpenses": 1102477,
    "sellingAndMarketingExpenses": 8390.212946,
    "sellingGeneralAndAdministrativeExpenses": 1110867,
    "otherExpenses": 624095,
    "operatingExpenses": 1550928,
    "costAndExpenses": 1550928,
    "interestIncome": 0,
    "interestExpense": 68953,
    "depreciationAndAmortization": 469835,
    "ebitda": -1393582,
    "ebitdaratio": -7601.4538142743,
    "operatingIncome": -1550745.310958,
    "operatingIncomeRatio": -8458.7192278241,
    "totalOtherIncomeExpensesNet": -275406,
    "incomeBeforeTax": -1811256.522352,
    "incomeBeforeTaxRatio": -9879.7076888635,
    "incomeTaxExpense": -552364.26456,
    "netIncome": -1210272.175998,
    "netIncomeRatio": -6601.5692284702,
    "eps": -2.07,
    "epsdiluted": -2.07,
    "weightedAverageShsOut": 585044,
    "weightedAverageShsOutDil": 585044,
    "link": "",
    "finalLink": ""
  }
]