[
  {
    "date": "2024-12-31",
    "symbol": "PDD",
    "reportedCurrency": "CNY",
    "cik": "0001737806",
    "fillingDate": "2025-03-20",
    "acceptedDate": "2025-03-20 16:01:31",
    "calendarYear": "2024",
    "period": "Q4",
    "revenue": 110610106000,
    "costOfRevenue": 47798376000,
    "grossProfit": 62811730000,
    "grossProfitRatio": 0.5678661044,
    "researchAndDevelopmentExpenses": 3777178000,
    "generalAndAdministrativeExpenses": 2085396000,
    "sellingAndMarketingExpenses": 31356941000,
    "sellingGeneralAndAdministrativeExpenses": 33442337000,
    "otherExpenses": 0,
    "operatingExpenses": 37219515000,
    "costAndExpenses": 85017891000,
    "interestIncome": 0,
    "interestExpense": 0,
    "depreciationAndAmortization": 196558750,
    "ebitda": 25788773750,
    "ebitdaratio": 0.2331502489,
    "operatingIncome": 25592215000,
    "operatingIncomeRatio": 0.2313732074,
    "totalOtherIncomeExpensesNet": 6937218000,
    "incomeBeforeTax": 32529433000,
    "incomeBeforeTaxRatio": 0.2940909667,
    "incomeTaxExpense": 5082796000,
    "netIncome": 27446637000,
    "netIncomeRatio": 0.2481386014,
    "eps": 18.52,
    "epsdiluted": 18.53,
    "weightedAverageShsOut": 1481999838,
    "weightedAverageShsOutDil": 1481319500,
    "link": "https://www.sec.gov/Archives/edgar/data/1737806/000110465925026115/0001104659-25-026115-index.htm",
    "finalLink": "https://www.sec.gov/Archives/edgar/data/1737806/000110465925026115/tm259886d1_ex99-1.htm"
  },
  {
    "date": "2024-09-30",
    "symbol": "PDD",
    "reportedCurrency": "CNY",
    "cik": "0001737806",
    "fillingDate": "2024-11-21",
    "acceptedDate": "2024-11-21 16:01:16",
    "calendarYear": "2024",
    "period": "Q3",
    "revenue": 99354401000,
    "costOfRevenue": 39709214000,
    "grossProfit": 59645187000,
    "grossProfitRatio": 0.6003275788,
    "researchAndDevelopmentExpenses": 3063353000,
    "generalAndAdministrativeExpenses": 1805576000,
    "sellingAndMarketingExpenses": 30483800000,
    "sellingGeneralAndAdministrativeExpenses": 32289376000,
    "otherExpenses": 0,
    "operatingExpenses": 35352729000,
    "costAndExpenses": 75061943000,
    "interestIncome": 5416080000,
    "interestExpense": 0,
    "depreciationAndAmortization": 4887343000,
    "ebitda": 29179801000,
    "ebitdaratio": 0.2936940961,
    "operatingIncome": 24292458000,
    "operatingIncomeRatio": 0.2445030895,
    "totalOtherIncomeExpensesNet": 4887343000,
    "incomeBeforeTax": 29179801000,
    "incomeBeforeTaxRatio": 0.2936940961,
    "incomeTaxExpense": 4201620000,
    "netIncome": 24980694000,
    "netIncomeRatio": 0.2514301707,
    "eps": 4.505,
    "epsdiluted": 4.2275,
    "weightedAverageShsOut": 5543633000,
    "weightedAverageShsOutDil": 5909793000,
    "link": "https://www.sec.gov/Archives/edgar/data/1737806/000110465924121500/0001104659-24-121500-index.htm",
    "finalLink": "https://www.sec.gov/Archives/edgar/data/1737806/000110465924121500/tm2429127d1_ex99-1.htm"
  },
  {
    "date": "2024-06-30",
    "symbol": "PDD",
    "reportedCurrency": "CNY",
    "cik": "0001737806",
    "fillingDate": "2024-08-26",
    "acceptedDate": "2024-08-26 16:01:51",
    "calendarYear": "2024",
    "period": "Q2",
    "revenue": 97059531000,
    "costOfRevenue": 33698098000,
    "grossProfit": 63361433000,
    "grossProfitRatio": 0.6528100059,
    "researchAndDevelopmentExpenses": 2909210000,
    "generalAndAdministrativeExpenses": 1838550000,
    "sellingAndMarketingExpenses": 26049137000,
    "sellingGeneralAndAdministrativeExpenses": 27887687000,
    "otherExpenses": 0,
    "operatingExpenses": 30796897000,
    "costAndExpenses": 64494995000,
    "interestIncome": 4855592000,
    "interestExpense": 0,
    "depreciationAndAmortization": 196558750,
    "ebitda": 32761094750,
    "ebitdaratio": 0.3375360916,
    "operatingIncome": 32564536000,
    "operatingIncomeRatio": 0.3355109556,
    "totalOtherIncomeExpensesNet": 5359432000,
    "incomeBeforeTax": 37923968000,
    "incomeBeforeTaxRatio": 0.3907289435,
    "incomeTaxExpense": 5914613000,
    "netIncome": 32009355000,
    "netIncomeRatio": 0.3297909507,
    "eps": 5.4,
    "epsdiluted": 5.4025,
    "weightedAverageShsOut": 5927658332,
    "weightedAverageShsOutDil": 5925659000,
    "link": "https://www.sec.gov/Archives/edgar/data/1737806/000110465924092851/0001104659-24-092851-index.htm",
    "finalLink": "https://www.sec.gov/Archives/edgar/data/1737806/000110465924092851/tm2422641d1_ex99-1.htm"
  },
  {
    "date": "2024-03-31",
    "symbol": "PDD",
    "reportedCurrency": "CNY",
    "cik": "0001737806",
    "fillingDate": "2024-03-21",
    "acceptedDate": "2024-03-20 21:30:13",
    "calendarYear": "2024",
    "period": "Q1",
    "revenue": 86812059000,
    "costOfRevenue": 32694686000,
    "grossProfit": 54117373000,
    "grossProfitRatio": 0.6233854331,
    "researchAndDevelopmentExpenses": 2909620000,
    "generalAndAdministrativeExpenses": 1823445000,
    "sellingAndMarketingExpenses": 23410655000,
    "sellingGeneralAndAdministrativeExpenses": 25234100000,
    "otherExpenses": 1881248000,
    "operatingExpenses": 28143720000,
    "costAndExpenses": 60838406000,
    "interestIncome": 5048589000,
    "interestExpense": 0,
    "depreciationAndAmortization": 196558750,
    "ebitda": 26170211750,
    "ebitdaratio": 0.3014582542,
    "operatingIncome": 25973653000,
    "operatingIncomeRatio": 0.299194067,
    "totalOtherIncomeExpensesNet": 7091925000,
    "incomeBeforeTax": 33118008000,
    "incomeBeforeTaxRatio": 0.381490871,
    "incomeTaxExpense": 5067752000,
    "netIncome": 27997826000,
    "netIncomeRatio": 0.3225107931,
    "eps": 5.08,
    "epsdiluted": 4.74,
    "weightedAverageShsOut": 5509682000,
    "weightedAverageShsOutDil": 5907021000,
    "link": "https://www.sec.gov/Archives/edgar/data/1737806/000110465924036850/0001104659-24-036850-index.htm",
    "finalLink": "https://www.sec.gov/Archives/edgar/data/1737806/000110465924036850/tm249325d1_ex99-1.htm"
  },
  {
    "date": "2023-12-31",
    "symbol": "PDD",
    "reportedCurrency": "CNY",
    "cik": "0001737806",
    "fillingDate": "2024-04-25",
    "acceptedDate": "2024-04-25 07:30:47",
    "calendarYear": "2023",
    "period": "Q4",
    "revenue": 88881036000,
    "costOfRevenue": 35078272000,
    "grossProfit": 53802764000,
    "grossProfitRatio": 0.6053345733,
    "researchAndDevelopmentExpenses": 2864430000,
    "generalAndAdministrativeExpenses": 1904842000,
    "sellingAndMarketingExpenses": 26638524000,
    "sellingGeneralAndAdministrativeExpenses": 28543366000,
    "otherExpenses": 328204000,
    "operatingExpenses": 31407796000,
    "costAndExpenses": 66486068000,
    "interestIncome": 4359384000,
    "interestExpense": 8155000,
    "depreciationAndAmortization": 196558750,
    "ebitda": 22591526750,
    "ebitdaratio": 0.2541771312,
    "operatingIncome": 22394968000,
    "operatingIncomeRatio": 0.2519656499,
    "totalOtherIncomeExpensesNet": 4465548000,
    "incomeBeforeTax": 26875582000,
    "incomeBeforeTaxRatio": 0.302377011,
    "incomeTaxExpense": 3580207000,
    "netIncome": 23280309000,
    "netIncomeRatio": 0.2619266162,
    "eps": 4.25,
    "epsdiluted": 3.96,
    "weightedAverageShsOut": 5878865908,
    "weightedAverageShsOutDil": 5882980000,
    "link": "https://www.sec.gov/Archives/edgar/data/1737806/000110465924051610/0001104659-24-051610-index.htm",
    "finalLink": "https://www.sec.gov/Archives/edgar/data/1737806/000110465924051610/pdd-20231231x20f.htm"
  },
  {
    "date": "2023-09-30",
    "symbol": "PDD",
    "reportedCurrency": "CNY",
    "cik": "0001737806",
    "fillingDate": "2023-09-30",
    "acceptedDate": "2023-09-29 20:00:00",
    "calendarYear": "2023",
    "period": "Q3",
    "revenue": 68840371000,
    "costOfRevenue": 26830233000,
    "grossProfit": 42010138000,
    "grossProfitRatio": 0.6102543811,
    "researchAndDevelopmentExpenses": 2847323000,
    "generalAndAdministrativeExpenses": 758345000,
    "sellingAndMarketingExpenses": 21748449000,
    "sellingGeneralAndAdministrativeExpenses": 22506794000,
    "otherExpenses": 290384000,
    "operatingExpenses": 25354117000,
    "costAndExpenses": 52184350000,
    "interestIncome": 2127356000,
    "interestExpense": 12208000,
    "depreciationAndAmortization": 556042250,
    "ebitda": 17212063250,
    "ebitdaratio": 0.2500286242,
    "operatingIncome": 16656021000,
    "operatingIncomeRatio": 0.2419513544,
    "totalOtherIncomeExpensesNet": 2394581000,
    "incomeBeforeTax": 19156413000,
    "incomeBeforeTaxRatio": 0.2782729483,
    "incomeTaxExpense": 3513480000,
    "netIncome": 15537122000,
    "netIncomeRatio": 0.2256978249,
    "eps": 2.84,
    "epsdiluted": 2.65,
    "weightedAverageShsOut": 5863064904,
    "weightedAverageShsOutDil": 5865102000,
    "link": null,
    "finalLink": null
  },
  {
    "date": "2023-06-30",
    "symbol": "PDD",
    "reportedCurrency": "CNY",
    "cik": "0001737806",
    "fillingDate": "2023-05-30",
    "acceptedDate": "2023-05-30 06:02:25",
    "calendarYear": "2023",
    "period": "Q2",
    "revenue": 52280748000,
    "costOfRevenue": 18689787000,
    "grossProfit": 33590961000,
    "grossProfitRatio": 0.6425111018,
    "researchAndDevelopmentExpenses": 2733964000,
    "generalAndAdministrativeExpenses": 1585359000,
    "sellingAndMarketingExpenses": 16552883000,
    "sellingGeneralAndAdministrativeExpenses": 18138242000,
    "otherExpenses": 1106471000,
    "operatingExpenses": 20872206000,
    "costAndExpenses": 39561993000,
    "interestIncome": 2287741000,
    "interestExpense": 11937000,
    "depreciationAndAmortization": 556042250,
    "ebitda": 13274797250,
    "ebitdaratio": 0.2539136825,
    "operatingIncome": 12718755000,
    "operatingIncomeRatio": 0.2432779845,
    "totalOtherIncomeExpensesNet": 3547773000,
    "incomeBeforeTax": 16256747000,
    "incomeBeforeTaxRatio": 0.310950926,
    "incomeTaxExpense": 3158442000,
    "netIncome": 13108086000,
    "netIncomeRatio": 0.2507249131,
    "eps": 2.41,
    "epsdiluted": 2.25,
    "weightedAverageShsOut": 5825816000,
    "weightedAverageShsOutDil": 5833348000,
    "link": "https://www.sec.gov/Archives/edgar/data/1737806/000110465923065610/0001104659-23-065610-index.htm",
    "finalLink": "https://www.sec.gov/Archives/edgar/data/1737806/000110465923065610/tm2317221d1_ex99-1.htm"
  },
  {
    "date": "2023-03-31",
    "symbol": "PDD",
    "reportedCurrency": "CNY",
    "cik": "0001737806",
    "fillingDate": "2023-03-22",
    "acceptedDate": "2023-03-22 06:00:56",
    "calendarYear": "2023",
    "period": "Q1",
    "revenue": 37637050000,
    "costOfRevenue": 11125285000,
    "grossProfit": 26511765000,
    "grossProfitRatio": 0.7044060308,
    "researchAndDevelopmentExpenses": 2506657000,
    "generalAndAdministrativeExpenses": 816402000,
    "sellingAndMarketingExpenses": 16259688000,
    "sellingGeneralAndAdministrativeExpenses": 17076090000,
    "otherExpenses": 1227520000,
    "operatingExpenses": 19582747000,
    "costAndExpenses": 30708032000,
    "interestIncome": 1463599000,
    "interestExpense": 11687000,
    "depreciationAndAmortization": 556042250,
    "ebitda": 7485060250,
    "ebitdaratio": 0.1988747856,
    "operatingIncome": 6929018000,
    "operatingIncomeRatio": 0.1841009856,
    "totalOtherIncomeExpensesNet": 2769784000,
    "incomeBeforeTax": 9592413000,
    "incomeBeforeTaxRatio": 0.2548662289,
    "incomeTaxExpense": 1597775000,
    "netIncome": 8101027000,
    "netIncomeRatio": 0.2152407535,
    "eps": 1.53,
    "epsdiluted": 1.39,
    "weightedAverageShsOut": 5828076976,
    "weightedAverageShsOutDil": 5850378000,
    "link": "https://www.sec.gov/Archives/edgar/data/1737806/000110465923035269/0001104659-23-035269-index.htm",
    "finalLink": "https://www.sec.gov/Archives/edgar/data/1737806/000110465923035269/tm2310024d1_ex99-1.htm"
  },
  {
    "date": "2022-12-31",
    "symbol": "PDD",
    "reportedCurrency": "CNY",
    "cik": "0001737806",
    "fillingDate": "2022-11-28",
    "acceptedDate": "2022-11-28 17:00:52",
    "calendarYear": "2022",
    "period": "Q4",
    "revenue": 39820028000,
    "costOfRevenue": 8926705000,
    "grossProfit": 30893323000,
    "grossProfitRatio": 0.7758237387,
    "researchAndDevelopmentExpenses": 2406677000,
    "generalAndAdministrativeExpenses": 1640527000,
    "sellingAndMarketingExpenses": 17732384000,
    "sellingGeneralAndAdministrativeExpenses": 19372911000,
    "otherExpenses": 168825000,
    "operatingExpenses": 21779588000,
    "costAndExpenses": 30706293000,
    "interestIncome": 1351698000,
    "interestExpense": 12221000,
    "depreciationAndAmortization": 556042250,
    "ebitda": 9669777250,
    "ebitdaratio": 0.2428370279,
    "operatingIncome": 9113735000,
    "operatingIncomeRatio": 0.2288731439,
    "totalOtherIncomeExpensesNet": 1484483000,
    "incomeBeforeTax": 10598218000,
    "incomeBeforeTaxRatio": 0.266152952,
    "incomeTaxExpense": 1065613000,
    "netIncome": 9453697000,
    "netIncomeRatio": 0.2374106065,
    "eps": 1.85,
    "epsdiluted": 1.63,
    "weightedAverageShsOut": 5809212000,
    "weightedAverageShsOutDil": 5809212000,
    "link": "https://www.sec.gov/Archives/edgar/data/1737806/000110465922122478/0001104659-22-122478-index.htm",
    "finalLink": "https://www.sec.gov/Archives/edgar/data/1737806/000110465922122478/tm2231418d1_ex99-1.htm"
  },
  {
    "date": "2022-09-30",
    "symbol": "PDD",
    "reportedCurrency": "CNY",
    "cik": "0001737806",
    "fillingDate": "2022-08-30",
    "acceptedDate": "2022-08-30 06:14:59",
    "calendarYear": "2022",
    "period": "Q3",
    "revenue": 35504304000,
    "costOfRevenue": 7414132000,
    "grossProfit": 28090172000,
    "grossProfitRatio": 0.7911765289,
    "researchAndDevelopmentExpenses": 2698166000,
    "generalAndAdministrativeExpenses": 906573000,
    "sellingAndMarketingExpenses": 14048820000,
    "sellingGeneralAndAdministrativeExpenses": 14955393000,
    "otherExpenses": 546528000,
    "operatingExpenses": 17653559000,
    "costAndExpenses": 25067691000,
    "interestIncome": 1092150000,
    "interestExpense": 13646000,
    "depreciationAndAmortization": 373845000,
    "ebitda": 10810458000,
    "ebitdaratio": 0.3044830283,
    "operatingIncome": 10436613000,
    "operatingIncomeRatio": 0.2939534598,
    "totalOtherIncomeExpensesNet": 1689138000,
    "incomeBeforeTax": 12115019000,
    "incomeBeforeTaxRatio": 0.3412267707,
    "incomeTaxExpense": 1537177000,
    "netIncome": 10588574000,
    "netIncomeRatio": 0.2982335325,
    "eps": 1.84,
    "epsdiluted": 1.8325,
    "weightedAverageShsOut": 5754659780,
    "weightedAverageShsOutDil": 5776165000,
    "link": "https://www.sec.gov/Archives/edgar/data/1737806/000110465922095811/0001104659-22-095811-index.htm",
    "finalLink": "https://www.sec.gov/Archives/edgar/data/1737806/000110465922095811/tm2224715d1_ex99-1.htm"
  },
  {
    "date": "2022-06-30",
    "symbol": "PDD",
    "reportedCurrency": "CNY",
    "cik": "0001737806",
    "fillingDate": "2022-05-31",
    "acceptedDate": "2022-05-31 06:01:17",
    "calendarYear": "2022",
    "period": "Q2",
    "revenue": 31439568000,
    "costOfRevenue": 7961866000,
    "grossProfit": 23477702000,
    "grossProfitRatio": 0.7467565076,
    "researchAndDevelopmentExpenses": 2611366000,
    "generalAndAdministrativeExpenses": 825722000,
    "sellingAndMarketingExpenses": 11343447000,
    "sellingGeneralAndAdministrativeExpenses": 12169169000,
    "otherExpenses": 1266235000,
    "operatingExpenses": 14780535000,
    "costAndExpenses": 22742401000,
    "interestIncome": 756991000,
    "interestExpense": 13148000,
    "depreciationAndAmortization": 373845000,
    "ebitda": 9071012000,
    "ebitdaratio": 0.2885221578,
    "operatingIncome": 8697167000,
    "operatingIncomeRatio": 0.2766312501,
    "totalOtherIncomeExpensesNet": 1757236000,
    "incomeBeforeTax": 10507896000,
    "incomeBeforeTaxRatio": 0.3342252031,
    "incomeTaxExpense": 1558063000,
    "netIncome": 8896340000,
    "netIncomeRatio": 0.2829663563,
    "eps": 1.56,
    "epsdiluted": 1.555,
    "weightedAverageShsOut": 5702782048,
    "weightedAverageShsOutDil": 5716947000,
    "link": "https://www.sec.gov/Archives/edgar/data/1737806/000110465922066095/0001104659-22-066095-index.htm",
    "finalLink": "https://www.sec.gov/Archives/edgar/data/1737806/000110465922066095/tm2217231d1_ex99-1.htm"
  },
  {
    "date": "2022-03-31",
    "symbol": "PDD",
    "reportedCurrency": "CNY",
    "cik": "0001737806",
    "fillingDate": "2022-03-22",
    "acceptedDate": "2022-03-22 06:22:21",
    "calendarYear": "2022",
    "period": "Q1",
    "revenue": 23793689000,
    "costOfRevenue": 7159595000,
    "grossProfit": 16634094000,
    "grossProfitRatio": 0.6990968908,
    "researchAndDevelopmentExpenses": 2668507000,
    "generalAndAdministrativeExpenses": 592113000,
    "sellingAndMarketingExpenses": 11219068000,
    "sellingGeneralAndAdministrativeExpenses": 11811181000,
    "otherExpenses": 239770000,
    "operatingExpenses": 14479688000,
    "costAndExpenses": 21639283000,
    "interestIncome": 796261000,
    "interestExpense": 12640000,
    "depreciationAndAmortization": 373845000,
    "ebitda": 2528251000,
    "ebitdaratio": 0.1062572096,
    "operatingIncome": 2154406000,
    "operatingIncomeRatio": 0.0905452702,
    "totalOtherIncomeExpensesNet": 1009859000,
    "incomeBeforeTax": 3197881000,
    "incomeBeforeTaxRatio": 0.1344003866,
    "incomeTaxExpense": 564814000,
    "netIncome": 2599451000,
    "netIncomeRatio": 0.1092495998,
    "eps": 0.46,
    "epsdiluted": 0.4575,
    "weightedAverageShsOut": 5650980432,
    "weightedAverageShsOutDil": 5688094000,
    "link": "https://www.sec.gov/Archives/edgar/data/1737806/000110465922036291/0001104659-22-036291-index.htm",
    "finalLink": "https://www.sec.gov/Archives/edgar/data/1737806/000110465922036291/tm229947d1_ex99-1.htm"
  },
  {
    "date": "2021-12-31",
    "symbol": "PDD",
    "reportedCurrency": "CNY",
    "cik": "0001737806",
    "fillingDate": "2021-12-31",
    "acceptedDate": "2021-12-31 00:00:00",
    "calendarYear": "2021",
    "period": "Q4",
    "revenue": 27230862000,
    "costOfRevenue": 6515509000,
    "grossProfit": 20715353000,
    "grossProfitRatio": 0.7607307106,
    "researchAndDevelopmentExpenses": 2022595000,
    "generalAndAdministrativeExpenses": 419962000,
    "sellingAndMarketingExpenses": 11365829000,
    "sellingGeneralAndAdministrativeExpenses": 11785791000,
    "otherExpenses": 115086000,
    "operatingExpenses": 13808386000,
    "costAndExpenses": 20323895000,
    "interestIncome": 914643000,
    "interestExpense": 303116000,
    "depreciationAndAmortization": 373845000,
    "ebitda": 7280812000,
    "ebitdaratio": 0.2673735411,
    "operatingIncome": 6906967000,
    "operatingIncomeRatio": 0.2536448167,
    "totalOtherIncomeExpensesNet": 791398000,
    "incomeBeforeTax": 7681685000,
    "incomeBeforeTaxRatio": 0.2820948158,
    "incomeTaxExpense": 1078819000,
    "netIncome": 6619546000,
    "netIncomeRatio": 0.2430898442,
    "eps": 1.32,
    "epsdiluted": 1.16,
    "weightedAverageShsOut": 5031543000,
    "weightedAverageShsOutDil": 5684577000,
    "link": null,
    "finalLink": null
  },
  {
    "date": "2021-09-30",
    "symbol": "PDD",
    "reportedCurrency": "CNY",
    "cik": "0001737806",
    "fillingDate": "2021-12-03",
    "acceptedDate": "2021-12-03 07:08:45",
    "calendarYear": "2021",
    "period": "Q3",
    "revenue": 21505758000,
    "costOfRevenue": 6558648000,
    "grossProfit": 14947110000,
    "grossProfitRatio": 0.6950282803,
    "researchAndDevelopmentExpenses": 2422421000,
    "generalAndAdministrativeExpenses": 334806000,
    "sellingAndMarketingExpenses": 10050611000,
    "sellingGeneralAndAdministrativeExpenses": 10385417000,
    "otherExpenses": -52606000,
    "operatingExpenses": 12807838000,
    "costAndExpenses": 19366486000,
    "interestIncome": 631913000,
    "interestExpense": 298431000,
    "depreciationAndAmortization": 162880750,
    "ebitda": 2302152750,
    "ebitdaratio": 0.1070482031,
    "operatingIncome": 2139272000,
    "operatingIncomeRatio": 0.0994743826,
    "totalOtherIncomeExpensesNet": 355454000,
    "incomeBeforeTax": 2409715000,
    "incomeBeforeTaxRatio": 0.112049759,
    "incomeTaxExpense": 854766000,
    "netIncome": 1639960000,
    "netIncomeRatio": 0.0762567867,
    "eps": 0.33,
    "epsdiluted": 0.29,
    "weightedAverageShsOut": 5021164000,
    "weightedAverageShsOutDil": 5703986000,
    "link": "https://www.sec.gov/Archives/edgar/data/1737806/000110465921146102/0001104659-21-146102-index.htm",
    "finalLink": "https://www.sec.gov/Archives/edgar/data/1737806/000110465921146102/tm2134544d1_ex99-1.htm"
  },
  {
    "date": "2021-06-30",
    "symbol": "PDD",
    "reportedCurrency": "CNY",
    "cik": "0001737806",
    "fillingDate": "2021-06-30",
    "acceptedDate": "2021-06-29 20:00:00",
    "calendarYear": "2021",
    "period": "Q2",
    "revenue": 23046220000,
    "costOfRevenue": 7897886000,
    "grossProfit": 15148334000,
    "grossProfitRatio": 0.6573023255,
    "researchAndDevelopmentExpenses": 2328831000,
    "generalAndAdministrativeExpenses": 434151000,
    "sellingAndMarketingExpenses": 10387873000,
    "sellingGeneralAndAdministrativeExpenses": 10822024000,
    "otherExpenses": 123391000,
    "operatingExpenses": 13150855000,
    "costAndExpenses": 21048741000,
    "interestIncome": 544629000,
    "interestExpense": 293999000,
    "depreciationAndAmortization": 162880750,
    "ebitda": 2160359750,
    "ebitdaratio": 0.0937403075,
    "operatingIncome": 1997479000,
    "operatingIncomeRatio": 0.0866727385,
    "totalOtherIncomeExpensesNet": 418473000,
    "incomeBeforeTax": 2415952000,
    "incomeBeforeTaxRatio": 0.1048307271,
    "incomeTaxExpense": -249258000,
    "netIncome": 2414580000,
    "netIncomeRatio": 0.1047711946,
    "eps": 0.48,
    "epsdiluted": 0.42,
    "weightedAverageShsOut": 5013747000,
    "weightedAverageShsOutDil": 5719402000,
    "link": "",
    "finalLink": ""
  },
  {
    "date": "2021-03-31",
    "symbol": "PDD",
    "reportedCurrency": "CNY",
    "cik": "0001737806",
    "fillingDate": "2021-03-31",
    "acceptedDate": "2021-03-30 20:00:00",
    "calendarYear": "2021",
    "period": "Q1",
    "revenue": 22167099000,
    "costOfRevenue": 10746050000,
    "grossProfit": 11421049000,
    "grossProfitRatio": 0.5152252444,
    "researchAndDevelopmentExpenses": 2218743000,
    "generalAndAdministrativeExpenses": 351855000,
    "sellingAndMarketingExpenses": 12997407000,
    "sellingGeneralAndAdministrativeExpenses": 13349262000,
    "otherExpenses": 470384000,
    "operatingExpenses": 15568005000,
    "costAndExpenses": 26314055000,
    "interestIncome": 970477000,
    "interestExpense": 335456000,
    "depreciationAndAmortization": 162880750,
    "ebitda": -2716469000,
    "ebitdaratio": -0.1225450836,
    "operatingIncome": -4146956000,
    "operatingIncomeRatio": -0.1870770731,
    "totalOtherIncomeExpensesNet": 1095031000,
    "incomeBeforeTax": -3051925000,
    "incomeBeforeTaxRatio": -0.1376781418,
    "incomeTaxExpense": -781530000,
    "netIncome": -2905416000,
    "netIncomeRatio": -0.1310688422,
    "eps": -0.5825,
    "epsdiluted": -0.5825,
    "weightedAverageShsOut": 4983530000,
    "weightedAverageShsOutDil": 4983530000,
    "link": "",
    "finalLink": ""
  },
  {
    "date": "2020-12-31",
    "symbol": "PDD",
    "reportedCurrency": "CNY",
    "cik": "0001737806",
    "fillingDate": "2021-04-30",
    "acceptedDate": "2021-04-30 07:48:56",
    "calendarYear": "2020",
    "period": "Q4",
    "revenue": 26547709000,
    "costOfRevenue": 11526124000,
    "grossProfit": 15021585000,
    "grossProfitRatio": 0.5658335716,
    "researchAndDevelopmentExpenses": 1951261000,
    "generalAndAdministrativeExpenses": 405570000,
    "sellingAndMarketingExpenses": 14712526000,
    "sellingGeneralAndAdministrativeExpenses": 15118096000,
    "otherExpenses": 81149000,
    "operatingExpenses": 17069357000,
    "costAndExpenses": 28595481000,
    "interestIncome": 671395000,
    "interestExpense": 278146000,
    "depreciationAndAmortization": 318192000,
    "ebitda": -1295228000,
    "ebitdaratio": -0.0487886921,
    "operatingIncome": -2047772000,
    "operatingIncomeRatio": -0.0771355449,
    "totalOtherIncomeExpensesNet": 671416000,
    "incomeBeforeTax": -1424368000,
    "incomeBeforeTaxRatio": -0.053653142,
    "incomeTaxExpense": 35642000,
    "netIncome": -1376356000,
    "netIncomeRatio": -0.0518446243,
    "eps": -0.2925,
    "epsdiluted": -0.2825,
    "weightedAverageShsOut": 4711522956,
    "weightedAverageShsOutDil": 4854597000,
    "link": "https://www.sec.gov/Archives/edgar/data/1737806/000110465921058237/0001104659-21-058237-index.htm",
    "finalLink": "https://www.sec.gov/Archives/edgar/data/1737806/000110465921058237/pdd-20201231x20f.htm"
  },
  {
    "date": "2020-09-30",
    "symbol": "PDD",
    "reportedCurrency": "CNY",
    "cik": "0001737806",
    "fillingDate": "2020-09-30",
    "acceptedDate": "2020-09-30 00:00:00",
    "calendarYear": "2020",
    "period": "Q3",
    "revenue": 14209782000,
    "costOfRevenue": 3260155000,
    "grossProfit": 10949627000,
    "grossProfitRatio": 0.7705696681,
    "researchAndDevelopmentExpenses": 1804886000,
    "generalAndAdministrativeExpenses": 368611000,
    "sellingAndMarketingExpenses": 10071868000,
    "sellingGeneralAndAdministrativeExpenses": 10440479000,
    "otherExpenses": 57936000,
    "operatingExpenses": 12245365000,
    "costAndExpenses": 15505520000,
    "interestIncome": 485413000,
    "interestExpense": 165638000,
    "depreciationAndAmortization": 159457750,
    "ebitda": -752389000,
    "ebitdaratio": -0.0529486659,
    "operatingIncome": -1295738000,
    "operatingIncomeRatio": -0.0911863391,
    "totalOtherIncomeExpensesNet": 475572000,
    "incomeBeforeTax": -820166000,
    "incomeBeforeTaxRatio": -0.0577184083,
    "incomeTaxExpense": -355233000,
    "netIncome": -784708000,
    "netIncomeRatio": -0.0552230851,
    "eps": -0.165,
    "epsdiluted": -0.165,
    "weightedAverageShsOut": 4786276000,
    "weightedAverageShsOutDil": 4786276000,
    "link": null,
    "finalLink": null
  },
  {
    "date": "2020-06-30",
    "symbol": "PDD",
    "reportedCurrency": "CNY",
    "cik": "0001737806",
    "fillingDate": "2020-08-24",
    "acceptedDate": "2020-08-24 06:04:44",
    "calendarYear": "2020",
    "period": "Q2",
    "revenue": 12193315000,
    "costOfRevenue": 2662115000,
    "grossProfit": 9531200000,
    "grossProfitRatio": 0.7816742207,
    "researchAndDevelopmentExpenses": 1662356000,
    "generalAndAdministrativeExpenses": 394842000,
    "sellingAndMarketingExpenses": 9113584000,
    "sellingGeneralAndAdministrativeExpenses": 9508426000,
    "otherExpenses": 67008000,
    "operatingExpenses": 11170782000,
    "costAndExpenses": 13832897000,
    "interestIncome": 838276000,
    "interestExpense": 162918000,
    "depreciationAndAmortization": 159457750,
    "ebitda": -736695000,
    "ebitdaratio": -0.0604179421,
    "operatingIncome": -1639582000,
    "operatingIncomeRatio": -0.1344656478,
    "totalOtherIncomeExpensesNet": 739969000,
    "incomeBeforeTax": -899613000,
    "incomeBeforeTaxRatio": -0.0737791979,
    "incomeTaxExpense": -675622000,
    "netIncome": -899349000,
    "netIncomeRatio": -0.0737575467,
    "eps": -0.19,
    "epsdiluted": -0.1875,
    "weightedAverageShsOut": 4733415788,
    "weightedAverageShsOutDil": 4781243000,
    "link": "https://www.sec.gov/Archives/edgar/data/1737806/000110465920097734/0001104659-20-097734-index.htm",
    "finalLink": "https://www.sec.gov/Archives/edgar/data/1737806/000110465920097734/a20-29170_1ex99d1.htm"
  },
  {
    "date": "2020-03-31",
    "symbol": "PDD",
    "reportedCurrency": "CNY",
    "cik": "0001737806",
    "fillingDate": "2020-04-20",
    "acceptedDate": "2020-04-20 06:49:00",
    "calendarYear": "2020",
    "period": "Q1",
    "revenue": 6541059000,
    "costOfRevenue": 1830247000,
    "grossProfit": 4710812000,
    "grossProfitRatio": 0.7201910272,
    "researchAndDevelopmentExpenses": 1473150000,
    "generalAndAdministrativeExpenses": 338274000,
    "sellingAndMarketingExpenses": 7296621000,
    "sellingGeneralAndAdministrativeExpenses": 7634895000,
    "otherExpenses": -12391000,
    "operatingExpenses": 9108045000,
    "costAndExpenses": 10938292000,
    "interestIncome": 460282000,
    "interestExpense": 150634000,
    "depreciationAndAmortization": 159457751,
    "ebitda": -3968615000,
    "ebitdaratio": -0.6067236207,
    "operatingIncome": -4397233000,
    "operatingIncomeRatio": -0.6722509306,
    "totalOtherIncomeExpensesNet": 277984000,
    "incomeBeforeTax": -4119249000,
    "incomeBeforeTaxRatio": -0.6297526135,
    "incomeTaxExpense": -309568000,
    "netIncome": -4119329000,
    "netIncomeRatio": -0.6297648439,
    "eps": -0.89,
    "epsdiluted": -0.885,
    "weightedAverageShsOut": 4628459548,
    "weightedAverageShsOutDil": 4650112000,
    "link": "https://www.sec.gov/Archives/edgar/data/1737806/000110465920048436/0001104659-20-048436-index.htm",
    "finalLink": "https://www.sec.gov/Archives/edgar/data/1737806/000110465920048436/a20-16347_16k.htm"
  }
]