[
  {
    "date": "2024-12-31",
    "symbol": "PDD",
    "reportedCurrency": "CNY",
    "cik": "0001737806",
    "fillingDate": "2024-12-31",
    "acceptedDate": "2024-12-31 00:00:00",
    "calendarYear": "2024",
    "period": "FY",
    "revenue": 393836097000,
    "costOfRevenue": 153900374000,
    "grossProfit": 239935723000,
    "grossProfitRatio": 0.6092273533,
    "researchAndDevelopmentExpenses": 12659361000,
    "generalAndAdministrativeExpenses": 7552967000,
    "sellingAndMarketingExpenses": 111300533000,
    "sellingGeneralAndAdministrativeExpenses": 118853500000,
    "otherExpenses": 0,
    "operatingExpenses": 131512861000,
    "costAndExpenses": 285413235000,
    "interestIncome": 0,
    "interestExpense": 0,
    "depreciationAndAmortization": 786235000,
    "ebitda": 109209097000,
    "ebitdaratio": 0.2772958036,
    "operatingIncome": 108422862000,
    "operatingIncomeRatio": 0.2752994528,
    "totalOtherIncomeExpensesNet": 24278431000,
    "incomeBeforeTax": 132701293000,
    "incomeBeforeTaxRatio": 0.3369454806,
    "incomeTaxExpense": 20266781000,
    "netIncome": 112434512000,
    "netIncomeRatio": 0.285485543,
    "eps": 76,
    "epsdiluted": 76.01,
    "weightedAverageShsOut": 1479401473,
    "weightedAverageShsOutDil": 1479148000,
    "link": null,
    "finalLink": null
  },
  {
    "date": "2023-12-31",
    "symbol": "PDD",
    "reportedCurrency": "CNY",
    "cik": "0001737806",
    "fillingDate": "2024-04-25",
    "acceptedDate": "2024-04-25 07:30:47",
    "calendarYear": "2023",
    "period": "FY",
    "revenue": 247639205000,
    "costOfRevenue": 91723577000,
    "grossProfit": 155915628000,
    "grossProfitRatio": 0.6296080138,
    "researchAndDevelopmentExpenses": 10952374000,
    "generalAndAdministrativeExpenses": 4075622000,
    "sellingAndMarketingExpenses": 82188870000,
    "sellingGeneralAndAdministrativeExpenses": 86264492000,
    "otherExpenses": 0,
    "operatingExpenses": 97216866000,
    "costAndExpenses": 188940443000,
    "interestIncome": 10238080000,
    "interestExpense": 43987000,
    "depreciationAndAmortization": 786235000,
    "ebitda": 59484997000,
    "ebitdaratio": 0.2402083184,
    "operatingIncome": 58698762000,
    "operatingIncomeRatio": 0.237033397,
    "totalOtherIncomeExpensesNet": 13177686000,
    "incomeBeforeTax": 71876448000,
    "incomeBeforeTaxRatio": 0.2902466433,
    "incomeTaxExpense": 11849904000,
    "netIncome": 60026544000,
    "netIncomeRatio": 0.2423951571,
    "eps": 10.2875,
    "epsdiluted": 10.28,
    "weightedAverageShsOut": 5835353500,
    "weightedAverageShsOutDil": 5839629564,
    "link": "https://www.sec.gov/Archives/edgar/data/1737806/000110465924051610/0001104659-24-051610-index.htm",
    "finalLink": "https://www.sec.gov/Archives/edgar/data/1737806/000110465924051610/pdd-20231231x20f.htm"
  },
  {
    "date": "2022-12-31",
    "symbol": "PDD",
    "reportedCurrency": "CNY",
    "cik": "0001737806",
    "fillingDate": "2023-04-26",
    "acceptedDate": "2023-04-26 07:33:40",
    "calendarYear": "2022",
    "period": "FY",
    "revenue": 130557589000,
    "costOfRevenue": 31462298000,
    "grossProfit": 99095291000,
    "grossProfitRatio": 0.7590159389,
    "researchAndDevelopmentExpenses": 10384716000,
    "generalAndAdministrativeExpenses": 3964935000,
    "sellingAndMarketingExpenses": 54343719000,
    "sellingGeneralAndAdministrativeExpenses": 58308654000,
    "otherExpenses": 2221358000,
    "operatingExpenses": 68693370000,
    "costAndExpenses": 100155668000,
    "interestIncome": 3997100000,
    "interestExpense": 51655000,
    "depreciationAndAmortization": 2735084000,
    "ebitda": 39205753000,
    "ebitdaratio": 0.3002947075,
    "operatingIncome": 30401921000,
    "operatingIncomeRatio": 0.232862151,
    "totalOtherIncomeExpensesNet": 6017093000,
    "incomeBeforeTax": 36419014000,
    "incomeBeforeTaxRatio": 0.2789498051,
    "incomeTaxExpense": 4725667000,
    "netIncome": 31538062000,
    "netIncomeRatio": 0.241564372,
    "eps": 6.24,
    "epsdiluted": 5.48,
    "weightedAverageShsOut": 5755121064,
    "weightedAverageShsOutDil": 5761291000,
    "link": "https://www.sec.gov/Archives/edgar/data/1737806/000110465923049927/0001104659-23-049927-index.htm",
    "finalLink": "https://www.sec.gov/Archives/edgar/data/1737806/000110465923049927/pdd-20221231x20f.htm"
  },
  {
    "date": "2021-12-31",
    "symbol": "PDD",
    "reportedCurrency": "CNY",
    "cik": "0001737806",
    "fillingDate": "2022-04-25",
    "acceptedDate": "2022-04-25 08:13:41",
    "calendarYear": "2021",
    "period": "FY",
    "revenue": 93949939000,
    "costOfRevenue": 31718093000,
    "grossProfit": 62231846000,
    "grossProfitRatio": 0.6623936818,
    "researchAndDevelopmentExpenses": 8992590000,
    "generalAndAdministrativeExpenses": 1540774000,
    "sellingAndMarketingExpenses": 44801720000,
    "sellingGeneralAndAdministrativeExpenses": 46342494000,
    "otherExpenses": 656255000,
    "operatingExpenses": 55335084000,
    "costAndExpenses": 87053177000,
    "interestIncome": 3061662000,
    "interestExpense": 1231002000,
    "depreciationAndAmortization": 1844243000,
    "ebitda": 12530672000,
    "ebitdaratio": 0.1333760525,
    "operatingIncome": 6896762000,
    "operatingIncomeRatio": 0.0734089034,
    "totalOtherIncomeExpensesNet": 2558665000,
    "incomeBeforeTax": 9455427000,
    "incomeBeforeTaxRatio": 0.1006432479,
    "incomeTaxExpense": 1933585000,
    "netIncome": 7768670000,
    "netIncomeRatio": 0.0826894629,
    "eps": 1.55,
    "epsdiluted": 1.36,
    "weightedAverageShsOut": 5712257352,
    "weightedAverageShsOutDil": 5713764296,
    "link": "https://www.sec.gov/Archives/edgar/data/1737806/000110465922049283/0001104659-22-049283-index.htm",
    "finalLink": "https://www.sec.gov/Archives/edgar/data/1737806/000110465922049283/pdd-20211231x20f.htm"
  },
  {
    "date": "2020-12-31",
    "symbol": "PDD",
    "reportedCurrency": "CNY",
    "cik": "0001737806",
    "fillingDate": "2021-04-30",
    "acceptedDate": "2021-04-30 07:48:56",
    "calendarYear": "2020",
    "period": "FY",
    "revenue": 59491865000,
    "costOfRevenue": 19278641000,
    "grossProfit": 40213224000,
    "grossProfitRatio": 0.6759449212,
    "researchAndDevelopmentExpenses": 6891653000,
    "generalAndAdministrativeExpenses": 1507297000,
    "sellingAndMarketingExpenses": 41194599000,
    "sellingGeneralAndAdministrativeExpenses": 42701896000,
    "otherExpenses": 193702000,
    "operatingExpenses": 49593549000,
    "costAndExpenses": 68872190000,
    "interestIncome": 2455366000,
    "interestExpense": 757336000,
    "depreciationAndAmortization": 800468000,
    "ebitda": -8728802000,
    "ebitdaratio": -0.1467226149,
    "operatingIncome": -9380325000,
    "operatingIncomeRatio": -0.1576740786,
    "totalOtherIncomeExpensesNet": 2116929000,
    "incomeBeforeTax": -7263396000,
    "incomeBeforeTaxRatio": -0.1220905749,
    "incomeTaxExpense": 66916000,
    "netIncome": -7330312000,
    "netIncomeRatio": -0.1232153673,
    "eps": -1.5425,
    "epsdiluted": -1.5375,
    "weightedAverageShsOut": 4754796024,
    "weightedAverageShsOutDil": 4768343300,
    "link": "https://www.sec.gov/Archives/edgar/data/1737806/000110465921058237/0001104659-21-058237-index.htm",
    "finalLink": "https://www.sec.gov/Archives/edgar/data/1737806/000110465921058237/pdd-20201231x20f.htm"
  },
  {
    "date": "2019-12-31",
    "symbol": "PDD",
    "reportedCurrency": "CNY",
    "cik": "0001737806",
    "fillingDate": "2020-04-24",
    "acceptedDate": "2020-04-24 16:32:44",
    "calendarYear": "2019",
    "period": "FY",
    "revenue": 30141886000,
    "costOfRevenue": 6338778000,
    "grossProfit": 23803108000,
    "grossProfitRatio": 0.7897020113,
    "researchAndDevelopmentExpenses": 3870358000,
    "generalAndAdministrativeExpenses": 1296712000,
    "sellingAndMarketingExpenses": 27174249000,
    "sellingGeneralAndAdministrativeExpenses": 28470961000,
    "otherExpenses": 82786000,
    "operatingExpenses": 32341319000,
    "costAndExpenses": 38680097000,
    "interestIncome": 1541825000,
    "interestExpense": 145858000,
    "depreciationAndAmortization": 637831000,
    "ebitda": -7900380000,
    "ebitdaratio": -0.2621063592,
    "operatingIncome": -8538211000,
    "operatingIncomeRatio": -0.2832673111,
    "totalOtherIncomeExpensesNet": 1541931999,
    "incomeBeforeTax": -6996279000,
    "incomeBeforeTaxRatio": -0.2321115208,
    "incomeTaxExpense": -437863000,
    "netIncome": -6558416000,
    "netIncomeRatio": -0.2175847921,
    "eps": -1.4225,
    "epsdiluted": -1.4175,
    "weightedAverageShsOut": 4614306620,
    "weightedAverageShsOutDil": 4627278000,
    "link": "https://www.sec.gov/Archives/edgar/data/1737806/000110465920051022/0001104659-20-051022-index.htm",
    "finalLink": "https://www.sec.gov/Archives/edgar/data/1737806/000110465920051022/pdd-20191231x20f.htm"
  },
  {
    "date": "2018-12-31",
    "symbol": "PDD",
    "reportedCurrency": "CNY",
    "cik": "0001737806",
    "fillingDate": "2019-04-24",
    "acceptedDate": "2019-04-24 07:59:06",
    "calendarYear": "2018",
    "period": "FY",
    "revenue": 13119990000,
    "costOfRevenue": 2905249000,
    "grossProfit": 10214741000,
    "grossProfitRatio": 0.7785631696,
    "researchAndDevelopmentExpenses": 1116057000,
    "generalAndAdministrativeExpenses": 6456612000,
    "sellingAndMarketingExpenses": 13441813000,
    "sellingGeneralAndAdministrativeExpenses": 19898425000,
    "otherExpenses": -12361000,
    "operatingExpenses": 21014482000,
    "costAndExpenses": 23919731000,
    "interestIncome": 584940000,
    "interestExpense": 0,
    "depreciationAndAmortization": 497003000,
    "ebitda": -4349021000,
    "ebitdaratio": -0.3314805118,
    "operatingIncome": -10799741000,
    "operatingIncomeRatio": -0.8231516183,
    "totalOtherIncomeExpensesNet": 582616000,
    "incomeBeforeTax": -10217125000,
    "incomeBeforeTaxRatio": -0.7787448771,
    "incomeTaxExpense": 582616000,
    "netIncome": -10217125000,
    "netIncomeRatio": -0.7787448771,
    "eps": -3.4425,
    "epsdiluted": -3.4425,
    "weightedAverageShsOut": 2967614120,
    "weightedAverageShsOutDil": 2968319548,
    "link": "https://www.sec.gov/Archives/edgar/data/1737806/000110465919023251/0001104659-19-023251-index.htm",
    "finalLink": "https://www.sec.gov/Archives/edgar/data/1737806/000110465919023251/a19-5195_120f.htm"
  },
  {
    "date": "2017-12-31",
    "symbol": "PDD",
    "reportedCurrency": "CNY",
    "cik": "0001737806",
    "fillingDate": "2017-12-31",
    "acceptedDate": "2017-12-30 19:00:00",
    "calendarYear": "2017",
    "period": "FY",
    "revenue": 1744076000,
    "costOfRevenue": 722830000,
    "grossProfit": 1021246000,
    "grossProfitRatio": 0.5855513177,
    "researchAndDevelopmentExpenses": 129181000,
    "generalAndAdministrativeExpenses": 133207000,
    "sellingAndMarketingExpenses": 1344582000,
    "sellingGeneralAndAdministrativeExpenses": 1477789000,
    "otherExpenses": 1373000,
    "operatingExpenses": 1606970000,
    "costAndExpenses": 2329800000,
    "interestIncome": 80783000,
    "interestExpense": 0,
    "depreciationAndAmortization": 2265000,
    "ebitda": -561912000,
    "ebitdaratio": -0.3221832076,
    "operatingIncome": -595724000,
    "operatingIncomeRatio": -0.3415699775,
    "totalOtherIncomeExpensesNet": 70609000,
    "incomeBeforeTax": -525115000,
    "incomeBeforeTaxRatio": -0.3010849298,
    "incomeTaxExpense": -59236000,
    "netIncome": -525115000,
    "netIncomeRatio": -0.3010849298,
    "eps": -0.1525,
    "epsdiluted": -0.1525,
    "weightedAverageShsOut": 3442326000,
    "weightedAverageShsOutDil": 3442326000,
    "link": "",
    "finalLink": ""
  },
  {
    "date": "2016-12-31",
    "symbol": "PDD",
    "reportedCurrency": "CNY",
    "cik": "0001737806",
    "fillingDate": "2016-12-31",
    "acceptedDate": "2016-12-30 19:00:00",
    "calendarYear": "2016",
    "period": "FY",
    "revenue": 504864000,
    "costOfRevenue": 577870000,
    "grossProfit": -73006000,
    "grossProfitRatio": -0.1446052798,
    "researchAndDevelopmentExpenses": 29421000,
    "generalAndAdministrativeExpenses": 14793000,
    "sellingAndMarketingExpenses": 168990000,
    "sellingGeneralAndAdministrativeExpenses": 183783000,
    "otherExpenses": -2034000,
    "operatingExpenses": 213204000,
    "costAndExpenses": 791074000,
    "interestIncome": 4460000,
    "interestExpense": 0,
    "depreciationAndAmortization": 756000,
    "ebitda": -285454000,
    "ebitdaratio": -0.5654077138,
    "operatingIncome": -286210000,
    "operatingIncomeRatio": -0.5669051467,
    "totalOtherIncomeExpensesNet": -5767000,
    "incomeBeforeTax": -291977000,
    "incomeBeforeTaxRatio": -0.578328025,
    "incomeTaxExpense": 3733000,
    "netIncome": -291977000,
    "netIncomeRatio": -0.578328025,
    "eps": -0.085,
    "epsdiluted": -0.085,
    "weightedAverageShsOut": 3442326000,
    "weightedAverageShsOutDil": 3442326000,
    "link": "",
    "finalLink": ""
  }
]