[
  {
    "date": "2024-12-31",
    "symbol": "GE",
    "reportedCurrency": "USD",
    "cik": "0000040545",
    "fillingDate": "2025-02-03",
    "acceptedDate": "2025-02-03 06:31:16",
    "calendarYear": "2024",
    "period": "Q4",
    "revenue": 10811000000,
    "costOfRevenue": 6762000000,
    "grossProfit": 4049000000,
    "grossProfitRatio": 0.3745259458,
    "researchAndDevelopmentExpenses": 385000000,
    "generalAndAdministrativeExpenses": 4339000000,
    "sellingAndMarketingExpenses": -3280000000,
    "sellingGeneralAndAdministrativeExpenses": 1059000000,
    "otherExpenses": 0,
    "operatingExpenses": 1444000000,
    "costAndExpenses": 8206000000,
    "interestIncome": 197000000,
    "interestExpense": 224000000,
    "depreciationAndAmortization": 298000000,
    "ebitda": 2815000000,
    "ebitdaratio": 0.2603829433,
    "operatingIncome": 2605000000,
    "operatingIncomeRatio": 0.2409582832,
    "totalOtherIncomeExpensesNet": -312000000,
    "incomeBeforeTax": 2293000000,
    "incomeBeforeTaxRatio": 0.2120987883,
    "incomeTaxExpense": 395000000,
    "netIncome": 1899000000,
    "netIncomeRatio": 0.175654426,
    "eps": 1.74,
    "epsdiluted": 1.73,
    "weightedAverageShsOut": 1093000000,
    "weightedAverageShsOutDil": 1098000000,
    "link": "https://www.sec.gov/Archives/edgar/data/40545/000004054525000015/0000040545-25-000015-index.htm",
    "finalLink": "https://www.sec.gov/Archives/edgar/data/40545/000004054525000015/ge-20241231.htm"
  },
  {
    "date": "2024-09-30",
    "symbol": "GE",
    "reportedCurrency": "USD",
    "cik": "0000040545",
    "fillingDate": "2024-10-22",
    "acceptedDate": "2024-10-22 06:37:12",
    "calendarYear": "2024",
    "period": "Q3",
    "revenue": 9842000000,
    "costOfRevenue": 6226000000,
    "grossProfit": 3616000000,
    "grossProfitRatio": 0.367404999,
    "researchAndDevelopmentExpenses": 331000000,
    "generalAndAdministrativeExpenses": 714000000,
    "sellingAndMarketingExpenses": 1330000000,
    "sellingGeneralAndAdministrativeExpenses": 2044000000,
    "otherExpenses": 0,
    "operatingExpenses": 2375000000,
    "costAndExpenses": 8601000000,
    "interestIncome": 187000000,
    "interestExpense": 251000000,
    "depreciationAndAmortization": 313000000,
    "ebitda": 2457000000,
    "ebitdaratio": 0.2496443812,
    "operatingIncome": 1241000000,
    "operatingIncomeRatio": 0.1260922577,
    "totalOtherIncomeExpensesNet": 652000000,
    "incomeBeforeTax": 1893000000,
    "incomeBeforeTaxRatio": 0.1923389555,
    "incomeTaxExpense": 198000000,
    "netIncome": 1852000000,
    "netIncomeRatio": 0.1881731355,
    "eps": 1.69,
    "epsdiluted": 1.68,
    "weightedAverageShsOut": 1093000000,
    "weightedAverageShsOutDil": 1098000000,
    "link": "https://www.sec.gov/Archives/edgar/data/40545/000004054524000200/0000040545-24-000200-index.htm",
    "finalLink": "https://www.sec.gov/Archives/edgar/data/40545/000004054524000200/ge-20240930.htm"
  },
  {
    "date": "2024-06-30",
    "symbol": "GE",
    "reportedCurrency": "USD",
    "cik": "0000040545",
    "fillingDate": "2024-07-23",
    "acceptedDate": "2024-07-23 06:28:10",
    "calendarYear": "2024",
    "period": "Q2",
    "revenue": 9094000000,
    "costOfRevenue": 5580000000,
    "grossProfit": 3514000000,
    "grossProfitRatio": 0.3864086211,
    "researchAndDevelopmentExpenses": 300000000,
    "generalAndAdministrativeExpenses": 1591000000,
    "sellingAndMarketingExpenses": -751000000,
    "sellingGeneralAndAdministrativeExpenses": 840000000,
    "otherExpenses": -667000000,
    "operatingExpenses": 1807000000,
    "costAndExpenses": 7387000000,
    "interestIncome": 200000000,
    "interestExpense": 248000000,
    "depreciationAndAmortization": 106000000,
    "ebitda": 1800000000,
    "ebitdaratio": 0.1979327029,
    "operatingIncome": 1707000000,
    "operatingIncomeRatio": 0.1877061799,
    "totalOtherIncomeExpensesNet": 125000000,
    "incomeBeforeTax": 1447000000,
    "incomeBeforeTaxRatio": 0.1591159006,
    "incomeTaxExpense": 125000000,
    "netIncome": 1266000000,
    "netIncomeRatio": 0.1392126677,
    "eps": 1.15,
    "epsdiluted": 1.14,
    "weightedAverageShsOut": 1089000000,
    "weightedAverageShsOutDil": 1100000000,
    "link": "https://www.sec.gov/Archives/edgar/data/40545/000004054524000176/0000040545-24-000176-index.htm",
    "finalLink": "https://www.sec.gov/Archives/edgar/data/40545/000004054524000176/ge-20240630.htm"
  },
  {
    "date": "2024-03-31",
    "symbol": "GE",
    "reportedCurrency": "USD",
    "cik": "0000040545",
    "fillingDate": "2024-04-23",
    "acceptedDate": "2024-04-23 06:24:34",
    "calendarYear": "2024",
    "period": "Q1",
    "revenue": 16053000000,
    "costOfRevenue": 11620000000,
    "grossProfit": 4433000000,
    "grossProfitRatio": 0.2761477605,
    "researchAndDevelopmentExpenses": 507000000,
    "generalAndAdministrativeExpenses": 2896000000,
    "sellingAndMarketingExpenses": 0,
    "sellingGeneralAndAdministrativeExpenses": 2896000000,
    "otherExpenses": 454000000,
    "operatingExpenses": 3403000000,
    "costAndExpenses": 15023000000,
    "interestIncome": 252000000,
    "interestExpense": 278000000,
    "depreciationAndAmortization": 523000000,
    "ebitda": 2667000000,
    "ebitdaratio": 0.1661371706,
    "operatingIncome": 1030000000,
    "operatingIncomeRatio": 0.0641624618,
    "totalOtherIncomeExpensesNet": 836000000,
    "incomeBeforeTax": 1866000000,
    "incomeBeforeTaxRatio": 0.1162399551,
    "incomeTaxExpense": 318000000,
    "netIncome": 1537000000,
    "netIncomeRatio": 0.0957453435,
    "eps": 1.41,
    "epsdiluted": 1.39,
    "weightedAverageShsOut": 1091000000,
    "weightedAverageShsOutDil": 1103000000,
    "link": "https://www.sec.gov/Archives/edgar/data/40545/000004054524000113/0000040545-24-000113-index.htm",
    "finalLink": "https://www.sec.gov/Archives/edgar/data/40545/000004054524000113/ge-20240331.htm"
  },
  {
    "date": "2023-12-31",
    "symbol": "GE",
    "reportedCurrency": "USD",
    "cik": "0000040545",
    "fillingDate": "2024-02-02",
    "acceptedDate": "2024-02-02 06:31:30",
    "calendarYear": "2023",
    "period": "Q4",
    "revenue": 19423000000,
    "costOfRevenue": 14396000000,
    "grossProfit": 5027000000,
    "grossProfitRatio": 0.2588168666,
    "researchAndDevelopmentExpenses": 551000000,
    "generalAndAdministrativeExpenses": 9952000000,
    "sellingAndMarketingExpenses": -6671000000,
    "sellingGeneralAndAdministrativeExpenses": 3281000000,
    "otherExpenses": 514000000,
    "operatingExpenses": 3832000000,
    "costAndExpenses": 18228000000,
    "interestIncome": 205000000,
    "interestExpense": 296000000,
    "depreciationAndAmortization": 534000000,
    "ebitda": 1759000000,
    "ebitdaratio": 0.0905627349,
    "operatingIncome": 1195000000,
    "operatingIncomeRatio": 0.0615249961,
    "totalOtherIncomeExpensesNet": 814000000,
    "incomeBeforeTax": 2009000000,
    "incomeBeforeTaxRatio": 0.103434073,
    "incomeTaxExpense": 421000000,
    "netIncome": 1592000000,
    "netIncomeRatio": 0.081964681,
    "eps": 1.46,
    "epsdiluted": 1.45,
    "weightedAverageShsOut": 1088000000,
    "weightedAverageShsOutDil": 1100000000,
    "link": "https://www.sec.gov/Archives/edgar/data/40545/000004054524000027/0000040545-24-000027-index.htm",
    "finalLink": "https://www.sec.gov/Archives/edgar/data/40545/000004054524000027/ge-20231231.htm"
  },
  {
    "date": "2023-09-30",
    "symbol": "GE",
    "reportedCurrency": "USD",
    "cik": "0000040545",
    "fillingDate": "2023-10-24",
    "acceptedDate": "2023-10-24 06:03:33",
    "calendarYear": "2023",
    "period": "Q3",
    "revenue": 17346000000,
    "costOfRevenue": 12904000000,
    "grossProfit": 4442000000,
    "grossProfitRatio": 0.2560820939,
    "researchAndDevelopmentExpenses": 471000000,
    "generalAndAdministrativeExpenses": 710000000,
    "sellingAndMarketingExpenses": 2171000000,
    "sellingGeneralAndAdministrativeExpenses": 2881000000,
    "otherExpenses": 447000000,
    "operatingExpenses": 3352000000,
    "costAndExpenses": 16256000000,
    "interestIncome": 193000000,
    "interestExpense": 286000000,
    "depreciationAndAmortization": 967000000,
    "ebitda": 895000000,
    "ebitdaratio": 0.05159691,
    "operatingIncome": 1090000000,
    "operatingIncomeRatio": 0.0628386948,
    "totalOtherIncomeExpensesNet": -790000000,
    "incomeBeforeTax": 300000000,
    "incomeBeforeTaxRatio": 0.0172950536,
    "incomeTaxExpense": 138000000,
    "netIncome": 348000000,
    "netIncomeRatio": 0.0200622622,
    "eps": 0.24,
    "epsdiluted": 0.23,
    "weightedAverageShsOut": 1088000000,
    "weightedAverageShsOutDil": 1099000000,
    "link": "https://www.sec.gov/Archives/edgar/data/40545/000004054523000238/0000040545-23-000238-index.htm",
    "finalLink": "https://www.sec.gov/Archives/edgar/data/40545/000004054523000238/ge-20230930.htm"
  },
  {
    "date": "2023-06-30",
    "symbol": "GE",
    "reportedCurrency": "USD",
    "cik": "0000040545",
    "fillingDate": "2023-07-25",
    "acceptedDate": "2023-07-25 06:31:17",
    "calendarYear": "2023",
    "period": "Q2",
    "revenue": 8754000000,
    "costOfRevenue": 5692000000,
    "grossProfit": 3062000000,
    "grossProfitRatio": 0.3497829564,
    "researchAndDevelopmentExpenses": 239000000,
    "generalAndAdministrativeExpenses": 1648000000,
    "sellingAndMarketingExpenses": 0,
    "sellingGeneralAndAdministrativeExpenses": 1648000000,
    "otherExpenses": 239000000,
    "operatingExpenses": 1887000000,
    "costAndExpenses": 7579000000,
    "interestIncome": 128000000,
    "interestExpense": 249000000,
    "depreciationAndAmortization": 71000000,
    "ebitda": 1292000000,
    "ebitdaratio": 0.1475896733,
    "operatingIncome": 1175000000,
    "operatingIncomeRatio": 0.1342243546,
    "totalOtherIncomeExpensesNet": 333000000,
    "incomeBeforeTax": 1509000000,
    "incomeBeforeTaxRatio": 0.1723783413,
    "incomeTaxExpense": 253000000,
    "netIncome": 33000000,
    "netIncomeRatio": 0.0037697053,
    "eps": -0.02,
    "epsdiluted": -0.02,
    "weightedAverageShsOut": 1089000000,
    "weightedAverageShsOutDil": 1089000000,
    "link": "https://www.sec.gov/Archives/edgar/data/40545/000004054523000198/0000040545-23-000198-index.htm",
    "finalLink": "https://www.sec.gov/Archives/edgar/data/40545/000004054523000198/ge-20230630.htm"
  },
  {
    "date": "2023-03-31",
    "symbol": "GE",
    "reportedCurrency": "USD",
    "cik": "0000040545",
    "fillingDate": "2023-04-25",
    "acceptedDate": "2023-04-25 06:31:39",
    "calendarYear": "2023",
    "period": "Q1",
    "revenue": 14485000000,
    "costOfRevenue": 10729000000,
    "grossProfit": 3756000000,
    "grossProfitRatio": 0.259302727,
    "researchAndDevelopmentExpenses": 431000000,
    "generalAndAdministrativeExpenses": 2826000000,
    "sellingAndMarketingExpenses": 0,
    "sellingGeneralAndAdministrativeExpenses": 2826000000,
    "otherExpenses": 423000000,
    "operatingExpenses": 3257000000,
    "costAndExpenses": 13986000000,
    "interestIncome": 186000000,
    "interestExpense": 269000000,
    "depreciationAndAmortization": 507000000,
    "ebitda": 1548000000,
    "ebitdaratio": 0.106869175,
    "operatingIncome": 499000000,
    "operatingIncomeRatio": 0.0344494304,
    "totalOtherIncomeExpensesNet": 5993000000,
    "incomeBeforeTax": 6492000000,
    "incomeBeforeTaxRatio": 0.4481877805,
    "incomeTaxExpense": 271000000,
    "netIncome": 7506000000,
    "netIncomeRatio": 0.5181912323,
    "eps": 6.76,
    "epsdiluted": 6.71,
    "weightedAverageShsOut": 1089000000,
    "weightedAverageShsOutDil": 1097000000,
    "link": "https://www.sec.gov/Archives/edgar/data/40545/000004054523000136/0000040545-23-000136-index.htm",
    "finalLink": "https://www.sec.gov/Archives/edgar/data/40545/000004054523000136/ge-20230331.htm"
  },
  {
    "date": "2022-12-31",
    "symbol": "GE",
    "reportedCurrency": "USD",
    "cik": "0000040545",
    "fillingDate": "2023-02-10",
    "acceptedDate": "2023-02-10 08:32:52",
    "calendarYear": "2022",
    "period": "Q4",
    "revenue": 21787000000,
    "costOfRevenue": 15467000000,
    "grossProfit": 6320000000,
    "grossProfitRatio": 0.2900812411,
    "researchAndDevelopmentExpenses": 790000000,
    "generalAndAdministrativeExpenses": 4301000000,
    "sellingAndMarketingExpenses": 0,
    "sellingGeneralAndAdministrativeExpenses": 4301000000,
    "otherExpenses": 0,
    "operatingExpenses": 6320000000,
    "costAndExpenses": 21787000000,
    "interestIncome": 200000000,
    "interestExpense": 416000000,
    "depreciationAndAmortization": 736000000,
    "ebitda": 3389000000,
    "ebitdaratio": 0.1555514757,
    "operatingIncome": 1229000000,
    "operatingIncomeRatio": 0.0564097857,
    "totalOtherIncomeExpensesNet": 1008000000,
    "incomeBeforeTax": 2237000000,
    "incomeBeforeTaxRatio": 0.1026759077,
    "incomeTaxExpense": -65000000,
    "netIncome": 2222000000,
    "netIncomeRatio": 0.1019874237,
    "eps": 1.45,
    "epsdiluted": 1.94,
    "weightedAverageShsOut": 1469645397,
    "weightedAverageShsOutDil": 1097000000,
    "link": "https://www.sec.gov/Archives/edgar/data/40545/000004054523000023/0000040545-23-000023-index.htm",
    "finalLink": "https://www.sec.gov/Archives/edgar/data/40545/000004054523000023/ge-20221231.htm"
  },
  {
    "date": "2022-09-30",
    "symbol": "GE",
    "reportedCurrency": "USD",
    "cik": "0000040545",
    "fillingDate": "2022-10-25",
    "acceptedDate": "2022-10-25 06:28:48",
    "calendarYear": "2022",
    "period": "Q3",
    "revenue": 19084000000,
    "costOfRevenue": 14371000000,
    "grossProfit": 4713000000,
    "grossProfitRatio": 0.2469608049,
    "researchAndDevelopmentExpenses": 686000000,
    "generalAndAdministrativeExpenses": 3785000000,
    "sellingAndMarketingExpenses": 1966000000,
    "sellingGeneralAndAdministrativeExpenses": 3785000000,
    "otherExpenses": 258000000,
    "operatingExpenses": 4698000000,
    "costAndExpenses": 19069000000,
    "interestIncome": 125000000,
    "interestExpense": 390000000,
    "depreciationAndAmortization": 644000000,
    "ebitda": 979000000,
    "ebitdaratio": 0.0512995179,
    "operatingIncome": 15000000,
    "operatingIncomeRatio": 0.0007859987,
    "totalOtherIncomeExpensesNet": -96000000,
    "incomeBeforeTax": -55000000,
    "incomeBeforeTaxRatio": -0.0028819954,
    "incomeTaxExpense": 21000000,
    "netIncome": -165000000,
    "netIncomeRatio": -0.0086459862,
    "eps": -0.15,
    "epsdiluted": -0.15,
    "weightedAverageShsOut": 1095000000,
    "weightedAverageShsOutDil": 1095000000,
    "link": "https://www.sec.gov/Archives/edgar/data/40545/000004054522000060/0000040545-22-000060-index.htm",
    "finalLink": "https://www.sec.gov/Archives/edgar/data/40545/000004054522000060/ge-20220930.htm"
  },
  {
    "date": "2022-06-30",
    "symbol": "GE",
    "reportedCurrency": "USD",
    "cik": "0000040545",
    "fillingDate": "2022-07-26",
    "acceptedDate": "2022-07-26 06:29:59",
    "calendarYear": "2022",
    "period": "Q2",
    "revenue": 18645000000,
    "costOfRevenue": 13244000000,
    "grossProfit": 5401000000,
    "grossProfitRatio": 0.2896755162,
    "researchAndDevelopmentExpenses": 696000000,
    "generalAndAdministrativeExpenses": 3273000000,
    "sellingAndMarketingExpenses": 0,
    "sellingGeneralAndAdministrativeExpenses": 3273000000,
    "otherExpenses": 325000000,
    "operatingExpenses": 4176000000,
    "costAndExpenses": 17420000000,
    "interestIncome": 42000000,
    "interestExpense": 394000000,
    "depreciationAndAmortization": 679000000,
    "ebitda": -561000000,
    "ebitdaratio": -0.0300884956,
    "operatingIncome": 1225000000,
    "operatingIncomeRatio": 0.0657012604,
    "totalOtherIncomeExpensesNet": -1469000000,
    "incomeBeforeTax": -244000000,
    "incomeBeforeTaxRatio": -0.0130866184,
    "incomeTaxExpense": 317000000,
    "netIncome": -790000000,
    "netIncomeRatio": -0.0423706087,
    "eps": -0.86,
    "epsdiluted": -0.86,
    "weightedAverageShsOut": 1099000000,
    "weightedAverageShsOutDil": 1099000000,
    "link": "https://www.sec.gov/Archives/edgar/data/40545/000004054522000050/0000040545-22-000050-index.htm",
    "finalLink": "https://www.sec.gov/Archives/edgar/data/40545/000004054522000050/ge-20220630.htm"
  },
  {
    "date": "2022-03-31",
    "symbol": "GE",
    "reportedCurrency": "USD",
    "cik": "0000040545",
    "fillingDate": "2022-04-26",
    "acceptedDate": "2022-04-26 06:26:07",
    "calendarYear": "2022",
    "period": "Q1",
    "revenue": 17039000000,
    "costOfRevenue": 12453000000,
    "grossProfit": 4586000000,
    "grossProfitRatio": 0.2691472504,
    "researchAndDevelopmentExpenses": 641000000,
    "generalAndAdministrativeExpenses": 4155000000,
    "sellingAndMarketingExpenses": 0,
    "sellingGeneralAndAdministrativeExpenses": 4155000000,
    "otherExpenses": 285000000,
    "operatingExpenses": 4915000000,
    "costAndExpenses": 17368000000,
    "interestIncome": 93000000,
    "interestExpense": 538000000,
    "depreciationAndAmortization": 1485000000,
    "ebitda": 532000000,
    "ebitdaratio": 0.0312224896,
    "operatingIncome": -329000000,
    "operatingIncomeRatio": -0.0193086449,
    "totalOtherIncomeExpensesNet": 204000000,
    "incomeBeforeTax": -525000000,
    "incomeBeforeTaxRatio": -0.0308116674,
    "incomeTaxExpense": 204000000,
    "netIncome": -1042000000,
    "netIncomeRatio": -0.0611538236,
    "eps": -1.08,
    "epsdiluted": -1.08,
    "weightedAverageShsOut": 1100000000,
    "weightedAverageShsOutDil": 1100664978,
    "link": "https://www.sec.gov/Archives/edgar/data/40545/000004054522000027/0000040545-22-000027-index.htm",
    "finalLink": "https://www.sec.gov/Archives/edgar/data/40545/000004054522000027/ge-20220331.htm"
  },
  {
    "date": "2021-12-31",
    "symbol": "GE",
    "reportedCurrency": "USD",
    "cik": "0000040545",
    "fillingDate": "2022-02-11",
    "acceptedDate": "2022-02-11 08:33:15",
    "calendarYear": "2021",
    "period": "Q4",
    "revenue": 20303000000,
    "costOfRevenue": 14338000000,
    "grossProfit": 5965000000,
    "grossProfitRatio": 0.293798946,
    "researchAndDevelopmentExpenses": 705000000,
    "generalAndAdministrativeExpenses": 3806000000,
    "sellingAndMarketingExpenses": 0,
    "sellingGeneralAndAdministrativeExpenses": 3202000000,
    "otherExpenses": 613000000,
    "operatingExpenses": 3907000000,
    "costAndExpenses": 18245000000,
    "interestIncome": 747000000,
    "interestExpense": 426000000,
    "depreciationAndAmortization": 759000000,
    "ebitda": -2290000000,
    "ebitdaratio": -0.1127912131,
    "operatingIncome": 2058000000,
    "operatingIncomeRatio": 0.1013643304,
    "totalOtherIncomeExpensesNet": -4988000000,
    "incomeBeforeTax": -3467000000,
    "incomeBeforeTaxRatio": -0.1707629414,
    "incomeTaxExpense": 37000000,
    "netIncome": -3843000000,
    "netIncomeRatio": -0.1892823721,
    "eps": -3.55,
    "epsdiluted": -3.55,
    "weightedAverageShsOut": 1099000000,
    "weightedAverageShsOutDil": 1099000000,
    "link": "https://www.sec.gov/Archives/edgar/data/40545/000004054522000008/0000040545-22-000008-index.htm",
    "finalLink": "https://www.sec.gov/Archives/edgar/data/40545/000004054522000008/ge-20211231.htm"
  },
  {
    "date": "2021-09-30",
    "symbol": "GE",
    "reportedCurrency": "USD",
    "cik": "0000040545",
    "fillingDate": "2021-10-26",
    "acceptedDate": "2021-10-26 06:23:28",
    "calendarYear": "2021",
    "period": "Q3",
    "revenue": 18429000000,
    "costOfRevenue": 13402000000,
    "grossProfit": 5027000000,
    "grossProfitRatio": 0.2727766021,
    "researchAndDevelopmentExpenses": 627000000,
    "generalAndAdministrativeExpenses": 3390000000,
    "sellingAndMarketingExpenses": 0,
    "sellingGeneralAndAdministrativeExpenses": 3390000000,
    "otherExpenses": -335000000,
    "operatingExpenses": 4017000000,
    "costAndExpenses": 17419000000,
    "interestIncome": 482000000,
    "interestExpense": 462000000,
    "depreciationAndAmortization": 726000000,
    "ebitda": 1407000000,
    "ebitdaratio": 0.0763470617,
    "operatingIncome": 1010000000,
    "operatingIncomeRatio": 0.054804927,
    "totalOtherIncomeExpensesNet": -426000000,
    "incomeBeforeTax": 584000000,
    "incomeBeforeTaxRatio": 0.0316891855,
    "incomeTaxExpense": 2000000,
    "netIncome": 1257000000,
    "netIncomeRatio": 0.0682077161,
    "eps": 1.09,
    "epsdiluted": 1.08,
    "weightedAverageShsOut": 1098000000,
    "weightedAverageShsOutDil": 1105000000,
    "link": "https://www.sec.gov/Archives/edgar/data/40545/000004054521000064/0000040545-21-000064-index.htm",
    "finalLink": "https://www.sec.gov/Archives/edgar/data/40545/000004054521000064/ge-20210930.htm"
  },
  {
    "date": "2021-06-30",
    "symbol": "GE",
    "reportedCurrency": "USD",
    "cik": "0000040545",
    "fillingDate": "2021-07-27",
    "acceptedDate": "2021-07-27 06:29:30",
    "calendarYear": "2021",
    "period": "Q2",
    "revenue": 18280000000,
    "costOfRevenue": 13618000000,
    "grossProfit": 4662000000,
    "grossProfitRatio": 0.2550328228,
    "researchAndDevelopmentExpenses": 604000000,
    "generalAndAdministrativeExpenses": 3349000000,
    "sellingAndMarketingExpenses": 0,
    "sellingGeneralAndAdministrativeExpenses": 3349000000,
    "otherExpenses": -475000000,
    "operatingExpenses": 3953000000,
    "costAndExpenses": 17571000000,
    "interestIncome": 602000000,
    "interestExpense": 488000000,
    "depreciationAndAmortization": 771000000,
    "ebitda": 194000000,
    "ebitdaratio": 0.0106126915,
    "operatingIncome": 709000000,
    "operatingIncomeRatio": 0.038785558,
    "totalOtherIncomeExpensesNet": -1689000000,
    "incomeBeforeTax": -1037000000,
    "incomeBeforeTaxRatio": -0.0567286652,
    "incomeTaxExpense": -466000000,
    "netIncome": -1131000000,
    "netIncomeRatio": -0.0618708972,
    "eps": -1.08,
    "epsdiluted": -1.08,
    "weightedAverageShsOut": 1097500000,
    "weightedAverageShsOutDil": 1099000000,
    "link": "https://www.sec.gov/Archives/edgar/data/40545/000004054521000052/0000040545-21-000052-index.htm",
    "finalLink": "https://www.sec.gov/Archives/edgar/data/40545/000004054521000052/ge-20210630.htm"
  },
  {
    "date": "2021-03-31",
    "symbol": "GE",
    "reportedCurrency": "USD",
    "cik": "0000040545",
    "fillingDate": "2021-04-27",
    "acceptedDate": "2021-04-27 06:26:32",
    "calendarYear": "2021",
    "period": "Q1",
    "revenue": 17119000000,
    "costOfRevenue": 12538000000,
    "grossProfit": 4581000000,
    "grossProfitRatio": 0.2675974064,
    "researchAndDevelopmentExpenses": 561000000,
    "generalAndAdministrativeExpenses": 3446000000,
    "sellingAndMarketingExpenses": 0,
    "sellingGeneralAndAdministrativeExpenses": 3446000000,
    "otherExpenses": 164000000,
    "operatingExpenses": 4007000000,
    "costAndExpenses": 16545000000,
    "interestIncome": 439000000,
    "interestExpense": 500000000,
    "depreciationAndAmortization": 753000000,
    "ebitda": 900000000,
    "ebitdaratio": 0.0525731643,
    "operatingIncome": 574000000,
    "operatingIncomeRatio": 0.0335299959,
    "totalOtherIncomeExpensesNet": -258000000,
    "incomeBeforeTax": 238000000,
    "incomeBeforeTaxRatio": 0.0139026812,
    "incomeTaxExpense": 142000000,
    "netIncome": -2802000000,
    "netIncomeRatio": -0.1636777849,
    "eps": -2.62,
    "epsdiluted": -2.62,
    "weightedAverageShsOut": 1099027213,
    "weightedAverageShsOutDil": 1099027213,
    "link": "https://www.sec.gov/Archives/edgar/data/40545/000004054521000026/0000040545-21-000026-index.htm",
    "finalLink": "https://www.sec.gov/Archives/edgar/data/40545/000004054521000026/ge-20210331.htm"
  },
  {
    "date": "2020-12-31",
    "symbol": "GE",
    "reportedCurrency": "USD",
    "cik": "0000040545",
    "fillingDate": "2021-02-12",
    "acceptedDate": "2021-02-12 10:24:28",
    "calendarYear": "2020",
    "period": "Q4",
    "revenue": 21928000000,
    "costOfRevenue": 16296000000,
    "grossProfit": 5632000000,
    "grossProfitRatio": 0.2568405691,
    "researchAndDevelopmentExpenses": 635000000,
    "generalAndAdministrativeExpenses": 3823000000,
    "sellingAndMarketingExpenses": 0,
    "sellingGeneralAndAdministrativeExpenses": 3823000000,
    "otherExpenses": 2284000000,
    "operatingExpenses": 4458000000,
    "costAndExpenses": 20754000000,
    "interestIncome": 0,
    "interestExpense": 737000000,
    "depreciationAndAmortization": 1287000000,
    "ebitda": 4750000000,
    "ebitdaratio": 0.2166180226,
    "operatingIncome": 1174000000,
    "operatingIncomeRatio": 0.0535388544,
    "totalOtherIncomeExpensesNet": 1547000000,
    "incomeBeforeTax": 2721000000,
    "incomeBeforeTaxRatio": 0.1240879241,
    "incomeTaxExpense": 162000000,
    "netIncome": 2636000000,
    "netIncomeRatio": 0.1202116016,
    "eps": 2.24,
    "epsdiluted": 2.16,
    "weightedAverageShsOut": 1095250000,
    "weightedAverageShsOutDil": 1097375000,
    "link": "https://www.sec.gov/Archives/edgar/data/40545/000004054521000011/0000040545-21-000011-index.htm",
    "finalLink": "https://www.sec.gov/Archives/edgar/data/40545/000004054521000011/ge-20201231.htm"
  },
  {
    "date": "2020-09-30",
    "symbol": "GE",
    "reportedCurrency": "USD",
    "cik": "0000040545",
    "fillingDate": "2020-10-28",
    "acceptedDate": "2020-10-28 06:24:54",
    "calendarYear": "2020",
    "period": "Q3",
    "revenue": 19417000000,
    "costOfRevenue": 15275000000,
    "grossProfit": 4142000000,
    "grossProfitRatio": 0.2133182263,
    "researchAndDevelopmentExpenses": 0,
    "generalAndAdministrativeExpenses": 3851000000,
    "sellingAndMarketingExpenses": 0,
    "sellingGeneralAndAdministrativeExpenses": 3851000000,
    "otherExpenses": -1206000000,
    "operatingExpenses": 3851000000,
    "costAndExpenses": 19126000000,
    "interestIncome": 0,
    "interestExpense": 745000000,
    "depreciationAndAmortization": 1802000000,
    "ebitda": 856000000,
    "ebitdaratio": 0.0440850801,
    "operatingIncome": 291000000,
    "operatingIncomeRatio": 0.0149868672,
    "totalOtherIncomeExpensesNet": -1714000000,
    "incomeBeforeTax": -1660000000,
    "incomeBeforeTaxRatio": -0.0854920946,
    "incomeTaxExpense": -501000000,
    "netIncome": -1144000000,
    "netIncomeRatio": -0.0589174435,
    "eps": -1.09,
    "epsdiluted": -1.09,
    "weightedAverageShsOut": 1094230769,
    "weightedAverageShsOutDil": 1095000000,
    "link": "https://www.sec.gov/Archives/edgar/data/40545/000004054520000058/0000040545-20-000058-index.htm",
    "finalLink": "https://www.sec.gov/Archives/edgar/data/40545/000004054520000058/ge-20200930.htm"
  },
  {
    "date": "2020-06-30",
    "symbol": "GE",
    "reportedCurrency": "USD",
    "cik": "0000040545",
    "fillingDate": "2020-07-29",
    "acceptedDate": "2020-07-29 06:27:24",
    "calendarYear": "2020",
    "period": "Q2",
    "revenue": 17750000000,
    "costOfRevenue": 15083000000,
    "grossProfit": 2667000000,
    "grossProfitRatio": 0.1502535211,
    "researchAndDevelopmentExpenses": 0,
    "generalAndAdministrativeExpenses": 3643000000,
    "sellingAndMarketingExpenses": 0,
    "sellingGeneralAndAdministrativeExpenses": 3643000000,
    "otherExpenses": -686000000,
    "operatingExpenses": 3643000000,
    "costAndExpenses": 18726000000,
    "interestIncome": 1955000000,
    "interestExpense": 997000000,
    "depreciationAndAmortization": 1598000000,
    "ebitda": 227000000,
    "ebitdaratio": 0.0127887324,
    "operatingIncome": -976000000,
    "operatingIncomeRatio": -0.0549859155,
    "totalOtherIncomeExpensesNet": -1268000000,
    "incomeBeforeTax": -2339000000,
    "incomeBeforeTaxRatio": -0.1317746479,
    "incomeTaxExpense": -199000000,
    "netIncome": -1987000000,
    "netIncomeRatio": -0.111943662,
    "eps": -2.08,
    "epsdiluted": -2.08,
    "weightedAverageShsOut": 1093750000,
    "weightedAverageShsOutDil": 1093750000,
    "link": "https://www.sec.gov/Archives/edgar/data/40545/000004054520000046/0000040545-20-000046-index.htm",
    "finalLink": "https://www.sec.gov/Archives/edgar/data/40545/000004054520000046/ge2q202010-q.htm"
  },
  {
    "date": "2020-03-31",
    "symbol": "GE",
    "reportedCurrency": "USD",
    "cik": "0000040545",
    "fillingDate": "2020-04-29",
    "acceptedDate": "2020-04-29 06:38:37",
    "calendarYear": "2020",
    "period": "Q1",
    "revenue": 20523000000,
    "costOfRevenue": 15696000000,
    "grossProfit": 4827000000,
    "grossProfitRatio": 0.2351995322,
    "researchAndDevelopmentExpenses": 0,
    "generalAndAdministrativeExpenses": 3701000000,
    "sellingAndMarketingExpenses": 0,
    "sellingGeneralAndAdministrativeExpenses": 3701000000,
    "otherExpenses": 6141000000,
    "operatingExpenses": 3701000000,
    "costAndExpenses": 19397000000,
    "interestIncome": 0,
    "interestExpense": 794000000,
    "depreciationAndAmortization": 1331000000,
    "ebitda": 8621000000,
    "ebitdaratio": 0.4200652926,
    "operatingIncome": 1126000000,
    "operatingIncomeRatio": 0.0548652731,
    "totalOtherIncomeExpensesNet": 63000000,
    "incomeBeforeTax": 6475000000,
    "incomeBeforeTaxRatio": 0.3154996833,
    "incomeTaxExpense": 63000000,
    "netIncome": 6199000000,
    "netIncomeRatio": 0.302051357,
    "eps": 5.6,
    "epsdiluted": 5.6,
    "weightedAverageShsOut": 1092750000,
    "weightedAverageShsOutDil": 1093625000,
    "link": "https://www.sec.gov/Archives/edgar/data/40545/000004054520000021/0000040545-20-000021-index.htm",
    "finalLink": "https://www.sec.gov/Archives/edgar/data/40545/000004054520000021/ge1q202010-q.htm"
  }
]