[
  {
    "date": "2024-12-31",
    "symbol": "GE",
    "reportedCurrency": "USD",
    "cik": "0000040545",
    "fillingDate": "2025-02-03",
    "acceptedDate": "2025-02-03 06:31:16",
    "calendarYear": "2024",
    "period": "FY",
    "revenue": 38702000000,
    "costOfRevenue": 24308000000,
    "grossProfit": 14394000000,
    "grossProfitRatio": 0.3719187639,
    "researchAndDevelopmentExpenses": 1286000000,
    "generalAndAdministrativeExpenses": 6347000000,
    "sellingAndMarketingExpenses": 0,
    "sellingGeneralAndAdministrativeExpenses": 6347000000,
    "otherExpenses": 0,
    "operatingExpenses": 7633000000,
    "costAndExpenses": 31941000000,
    "interestIncome": 813000000,
    "interestExpense": 986000000,
    "depreciationAndAmortization": 1184000000,
    "ebitda": 9790000000,
    "ebitdaratio": 0.2529585034,
    "operatingIncome": 6657000000,
    "operatingIncomeRatio": 0.1720066146,
    "totalOtherIncomeExpensesNet": 963000000,
    "incomeBeforeTax": 7620000000,
    "incomeBeforeTaxRatio": 0.1968890497,
    "incomeTaxExpense": 962000000,
    "netIncome": 6556000000,
    "netIncomeRatio": 0.1693969304,
    "eps": 6.04,
    "epsdiluted": 5.99,
    "weightedAverageShsOut": 1085000000,
    "weightedAverageShsOutDil": 1094000000,
    "link": "https://www.sec.gov/Archives/edgar/data/40545/000004054525000015/0000040545-25-000015-index.htm",
    "finalLink": "https://www.sec.gov/Archives/edgar/data/40545/000004054525000015/ge-20241231.htm"
  },
  {
    "date": "2023-12-31",
    "symbol": "GE",
    "reportedCurrency": "USD",
    "cik": "0000040545",
    "fillingDate": "2024-02-02",
    "acceptedDate": "2024-02-02 06:31:30",
    "calendarYear": "2023",
    "period": "FY",
    "revenue": 67954000000,
    "costOfRevenue": 50392000000,
    "grossProfit": 17562000000,
    "grossProfitRatio": 0.2584395326,
    "researchAndDevelopmentExpenses": 1907000000,
    "generalAndAdministrativeExpenses": 12081000000,
    "sellingAndMarketingExpenses": 0,
    "sellingGeneralAndAdministrativeExpenses": 12081000000,
    "otherExpenses": 0,
    "operatingExpenses": 13988000000,
    "costAndExpenses": 64380000000,
    "interestIncome": 739000000,
    "interestExpense": 1118000000,
    "depreciationAndAmortization": 2079000000,
    "ebitda": 13378000000,
    "ebitdaratio": 0.1968684698,
    "operatingIncome": 3574000000,
    "operatingIncomeRatio": 0.0525944021,
    "totalOtherIncomeExpensesNet": 6617000000,
    "incomeBeforeTax": 10191000000,
    "incomeBeforeTaxRatio": 0.1499690967,
    "incomeTaxExpense": 1162000000,
    "netIncome": 9481000000,
    "netIncomeRatio": 0.1395208523,
    "eps": 8.44,
    "epsdiluted": 8.36,
    "weightedAverageShsOut": 1089000000,
    "weightedAverageShsOutDil": 1099000000,
    "link": "https://www.sec.gov/Archives/edgar/data/40545/000004054524000027/0000040545-24-000027-index.htm",
    "finalLink": "https://www.sec.gov/Archives/edgar/data/40545/000004054524000027/ge-20231231.htm"
  },
  {
    "date": "2022-12-31",
    "symbol": "GE",
    "reportedCurrency": "USD",
    "cik": "0000040545",
    "fillingDate": "2023-02-10",
    "acceptedDate": "2023-02-10 08:32:52",
    "calendarYear": "2022",
    "period": "FY",
    "revenue": 58099000000,
    "costOfRevenue": 44272000000,
    "grossProfit": 13827000000,
    "grossProfitRatio": 0.2379903269,
    "researchAndDevelopmentExpenses": 1786000000,
    "generalAndAdministrativeExpenses": 11765000000,
    "sellingAndMarketingExpenses": 0,
    "sellingGeneralAndAdministrativeExpenses": 11765000000,
    "otherExpenses": 779000000,
    "operatingExpenses": 13551000000,
    "costAndExpenses": 57823000000,
    "interestIncome": 474000000,
    "interestExpense": 1477000000,
    "depreciationAndAmortization": 2902000000,
    "ebitda": 3541000000,
    "ebitdaratio": 0.0609476927,
    "operatingIncome": 276000000,
    "operatingIncomeRatio": 0.0047505121,
    "totalOtherIncomeExpensesNet": -1075000000,
    "incomeBeforeTax": -799000000,
    "incomeBeforeTaxRatio": -0.0137523882,
    "incomeTaxExpense": -3000000,
    "netIncome": 339000000,
    "netIncomeRatio": 0.0058348681,
    "eps": 0.05,
    "epsdiluted": 0.05,
    "weightedAverageShsOut": 1096000000,
    "weightedAverageShsOutDil": 1096000000,
    "link": "https://www.sec.gov/Archives/edgar/data/40545/000004054523000023/0000040545-23-000023-index.htm",
    "finalLink": "https://www.sec.gov/Archives/edgar/data/40545/000004054523000023/ge-20221231.htm"
  },
  {
    "date": "2021-12-31",
    "symbol": "GE",
    "reportedCurrency": "USD",
    "cik": "0000040545",
    "fillingDate": "2022-02-11",
    "acceptedDate": "2022-02-11 08:33:15",
    "calendarYear": "2021",
    "period": "FY",
    "revenue": 56469000000,
    "costOfRevenue": 43378000000,
    "grossProfit": 13091000000,
    "grossProfitRatio": 0.2318263118,
    "researchAndDevelopmentExpenses": 1682000000,
    "generalAndAdministrativeExpenses": 10351000000,
    "sellingAndMarketingExpenses": 0,
    "sellingGeneralAndAdministrativeExpenses": 10351000000,
    "otherExpenses": -499000000,
    "operatingExpenses": 12033000000,
    "costAndExpenses": 55411000000,
    "interestIncome": 585000000,
    "interestExpense": 1790000000,
    "depreciationAndAmortization": 2360000000,
    "ebitda": 3382000000,
    "ebitdaratio": 0.0598912678,
    "operatingIncome": 1058000000,
    "operatingIncomeRatio": 0.0187359436,
    "totalOtherIncomeExpensesNet": -6753000000,
    "incomeBeforeTax": -5695000000,
    "incomeBeforeTaxRatio": -0.1008517948,
    "incomeTaxExpense": -757000000,
    "netIncome": -6337000000,
    "netIncomeRatio": -0.1122208645,
    "eps": -5.77,
    "epsdiluted": -5.77,
    "weightedAverageShsOut": 1098000000,
    "weightedAverageShsOutDil": 1098000000,
    "link": "https://www.sec.gov/Archives/edgar/data/40545/000004054522000008/0000040545-22-000008-index.htm",
    "finalLink": "https://www.sec.gov/Archives/edgar/data/40545/000004054522000008/ge-20211231.htm"
  },
  {
    "date": "2020-12-31",
    "symbol": "GE",
    "reportedCurrency": "USD",
    "cik": "0000040545",
    "fillingDate": "2021-02-12",
    "acceptedDate": "2021-02-12 10:24:28",
    "calendarYear": "2020",
    "period": "FY",
    "revenue": 75834000000,
    "costOfRevenue": 57871000000,
    "grossProfit": 17963000000,
    "grossProfitRatio": 0.2368726429,
    "researchAndDevelopmentExpenses": 2565000000,
    "generalAndAdministrativeExpenses": 14989000000,
    "sellingAndMarketingExpenses": 0,
    "sellingGeneralAndAdministrativeExpenses": 14989000000,
    "otherExpenses": -2221000000,
    "operatingExpenses": 17554000000,
    "costAndExpenses": 75425000000,
    "interestIncome": 0,
    "interestExpense": 3515000000,
    "depreciationAndAmortization": 3464000000,
    "ebitda": 2832000000,
    "ebitdaratio": 0.0373447266,
    "operatingIncome": 409000000,
    "operatingIncomeRatio": 0.0053933592,
    "totalOtherIncomeExpensesNet": 5561000000,
    "incomeBeforeTax": 5970000000,
    "incomeBeforeTaxRatio": 0.0787245826,
    "incomeTaxExpense": -487000000,
    "netIncome": 5704000000,
    "netIncomeRatio": 0.0752169212,
    "eps": 4.64,
    "epsdiluted": 4.64,
    "weightedAverageShsOut": 1094000000,
    "weightedAverageShsOutDil": 1095000000,
    "link": "https://www.sec.gov/Archives/edgar/data/40545/000004054521000011/0000040545-21-000011-index.htm",
    "finalLink": "https://www.sec.gov/Archives/edgar/data/40545/000004054521000011/ge-20201231.htm"
  },
  {
    "date": "2019-12-31",
    "symbol": "GE",
    "reportedCurrency": "USD",
    "cik": "0000040545",
    "fillingDate": "2020-02-24",
    "acceptedDate": "2020-02-24 16:34:07",
    "calendarYear": "2019",
    "period": "FY",
    "revenue": 95215000000,
    "costOfRevenue": 70029000000,
    "grossProfit": 25186000000,
    "grossProfitRatio": 0.2645171454,
    "researchAndDevelopmentExpenses": 3118000000,
    "generalAndAdministrativeExpenses": 17243000000,
    "sellingAndMarketingExpenses": 0,
    "sellingGeneralAndAdministrativeExpenses": 17243000000,
    "otherExpenses": -1080000000,
    "operatingExpenses": 17243000000,
    "costAndExpenses": 87272000000,
    "interestIncome": 1507000000,
    "interestExpense": 4227000000,
    "depreciationAndAmortization": 5595000000,
    "ebitda": 11068000000,
    "ebitdaratio": 0.1162421887,
    "operatingIncome": 7943000000,
    "operatingIncomeRatio": 0.0834217298,
    "totalOtherIncomeExpensesNet": -5205000000,
    "incomeBeforeTax": 1149000000,
    "incomeBeforeTaxRatio": 0.0120674264,
    "incomeTaxExpense": 726000000,
    "netIncome": -4979000000,
    "netIncomeRatio": -0.0522921809,
    "eps": -4.57,
    "epsdiluted": -4.57,
    "weightedAverageShsOut": 1090500000,
    "weightedAverageShsOutDil": 1090500000,
    "link": "https://www.sec.gov/Archives/edgar/data/40545/000004054520000009/0000040545-20-000009-index.htm",
    "finalLink": "https://www.sec.gov/Archives/edgar/data/40545/000004054520000009/ge10-k2019.htm"
  },
  {
    "date": "2018-12-31",
    "symbol": "GE",
    "reportedCurrency": "USD",
    "cik": "0000040545",
    "fillingDate": "2019-02-26",
    "acceptedDate": "2019-02-26 16:36:51",
    "calendarYear": "2018",
    "period": "FY",
    "revenue": 121615000000,
    "costOfRevenue": 92671000000,
    "grossProfit": 28944000000,
    "grossProfitRatio": 0.2379969576,
    "researchAndDevelopmentExpenses": 0,
    "generalAndAdministrativeExpenses": 0,
    "sellingAndMarketingExpenses": 0,
    "sellingGeneralAndAdministrativeExpenses": 18111000000,
    "otherExpenses": -982000000,
    "operatingExpenses": 18111000000,
    "costAndExpenses": 110782000000,
    "interestIncome": 669000000,
    "interestExpense": 5059000000,
    "depreciationAndAmortization": 8224000000,
    "ebitda": -9845000000,
    "ebitdaratio": -0.0809521852,
    "operatingIncome": 10833000000,
    "operatingIncomeRatio": 0.089076183,
    "totalOtherIncomeExpensesNet": -27748000000,
    "incomeBeforeTax": -20134000000,
    "incomeBeforeTaxRatio": -0.1655552358,
    "incomeTaxExpense": 583000000,
    "netIncome": -22355000000,
    "netIncomeRatio": -0.1838177856,
    "eps": -20.6,
    "epsdiluted": -20.58,
    "weightedAverageShsOut": 1085323886,
    "weightedAverageShsOutDil": 1086375000,
    "link": "https://www.sec.gov/Archives/edgar/data/40545/000004054519000014/0000040545-19-000014-index.htm",
    "finalLink": "https://www.sec.gov/Archives/edgar/data/40545/000004054519000014/ge10-k2018.htm"
  },
  {
    "date": "2017-12-31",
    "symbol": "GE",
    "reportedCurrency": "USD",
    "cik": "0000040545",
    "fillingDate": "2018-02-23",
    "acceptedDate": "2018-02-23 16:52:20",
    "calendarYear": "2017",
    "period": "FY",
    "revenue": 120468000000,
    "costOfRevenue": 91934000000,
    "grossProfit": 28534000000,
    "grossProfitRatio": 0.236859581,
    "researchAndDevelopmentExpenses": 0,
    "generalAndAdministrativeExpenses": 0,
    "sellingAndMarketingExpenses": 0,
    "sellingGeneralAndAdministrativeExpenses": 18280000000,
    "otherExpenses": -3632000000,
    "operatingExpenses": 16655000000,
    "costAndExpenses": 108589000000,
    "interestIncome": 299000000,
    "interestExpense": 4869000000,
    "depreciationAndAmortization": 5139000000,
    "ebitda": 850000000,
    "ebitdaratio": 0.0070558157,
    "operatingIncome": 11879000000,
    "operatingIncomeRatio": 0.098607099,
    "totalOtherIncomeExpensesNet": -23030000000,
    "incomeBeforeTax": -8791000000,
    "incomeBeforeTaxRatio": -0.0729737358,
    "incomeTaxExpense": -3043000000,
    "netIncome": -5786000000,
    "netIncomeRatio": -0.0480293522,
    "eps": -5.76,
    "epsdiluted": -5.76,
    "weightedAverageShsOut": 1079000000,
    "weightedAverageShsOutDil": 1080208333,
    "link": "https://www.sec.gov/Archives/edgar/data/40545/000004054518000014/0000040545-18-000014-index.htm",
    "finalLink": "https://www.sec.gov/Archives/edgar/data/40545/000004054518000014/ge10-k2017.htm"
  },
  {
    "date": "2016-12-31",
    "symbol": "GE",
    "reportedCurrency": "USD",
    "cik": "0000040545",
    "fillingDate": "2017-02-24",
    "acceptedDate": "2017-02-24 17:21:03",
    "calendarYear": "2016",
    "period": "FY",
    "revenue": 119688000000,
    "costOfRevenue": 87483000000,
    "grossProfit": 32205000000,
    "grossProfitRatio": 0.2690745939,
    "researchAndDevelopmentExpenses": 0,
    "generalAndAdministrativeExpenses": 0,
    "sellingAndMarketingExpenses": 0,
    "sellingGeneralAndAdministrativeExpenses": 18377000000,
    "otherExpenses": -982000000,
    "operatingExpenses": 14372000000,
    "costAndExpenses": 101855000000,
    "interestIncome": 167000000,
    "interestExpense": 5025000000,
    "depreciationAndAmortization": 4997000000,
    "ebitda": 16945000000,
    "ebitdaratio": 0.1415764321,
    "operatingIncome": 17833000000,
    "operatingIncomeRatio": 0.1489957222,
    "totalOtherIncomeExpensesNet": -7147000000,
    "incomeBeforeTax": 9030000000,
    "incomeBeforeTaxRatio": 0.07544616,
    "incomeTaxExpense": -464000000,
    "netIncome": 8831000000,
    "netIncomeRatio": 0.0737835038,
    "eps": 7.2,
    "epsdiluted": 7.12,
    "weightedAverageShsOut": 1128125000,
    "weightedAverageShsOutDil": 1141250000,
    "link": "https://www.sec.gov/Archives/edgar/data/40545/000004054517000010/0000040545-17-000010-index.htm",
    "finalLink": "https://www.sec.gov/Archives/edgar/data/40545/000004054517000010/ge10k2016.htm"
  },
  {
    "date": "2015-12-31",
    "symbol": "GE",
    "reportedCurrency": "USD",
    "cik": "0000040545",
    "fillingDate": "2016-02-26",
    "acceptedDate": "2016-02-26 16:06:12",
    "calendarYear": "2015",
    "period": "FY",
    "revenue": 115159000000,
    "costOfRevenue": 82693000000,
    "grossProfit": 32466000000,
    "grossProfitRatio": 0.2819232539,
    "researchAndDevelopmentExpenses": 0,
    "generalAndAdministrativeExpenses": 0,
    "sellingAndMarketingExpenses": 0,
    "sellingGeneralAndAdministrativeExpenses": 17831000000,
    "otherExpenses": -2608000000,
    "operatingExpenses": 15604000000,
    "costAndExpenses": 98297000000,
    "interestIncome": 65000000,
    "interestExpense": 3463000000,
    "depreciationAndAmortization": 4847000000,
    "ebitda": 16496000000,
    "ebitdaratio": 0.1432454259,
    "operatingIncome": 16862000000,
    "operatingIncomeRatio": 0.1464236404,
    "totalOtherIncomeExpensesNet": 4206000000,
    "incomeBeforeTax": 8186000000,
    "incomeBeforeTaxRatio": 0.0710843269,
    "incomeTaxExpense": 6485000000,
    "netIncome": -6126000000,
    "netIncomeRatio": -0.0531960159,
    "eps": -4.96,
    "epsdiluted": -4.96,
    "weightedAverageShsOut": 1243000000,
    "weightedAverageShsOutDil": 1252000000,
    "link": "https://www.sec.gov/Archives/edgar/data/40545/000004054516000145/0000040545-16-000145-index.htm",
    "finalLink": "https://www.sec.gov/Archives/edgar/data/40545/000004054516000145/ge10k2015.htm"
  }
]