[
  {
    "date": "2024-12-31",
    "symbol": "LIN",
    "reportedCurrency": "USD",
    "cik": "0001707925",
    "fillingDate": "2025-02-26",
    "acceptedDate": "2025-02-26 10:17:43",
    "calendarYear": "2024",
    "period": "Q4",
    "revenue": 8282000000,
    "costOfRevenue": 4320000000,
    "grossProfit": 3962000000,
    "grossProfitRatio": 0.4783868631,
    "researchAndDevelopmentExpenses": 39000000,
    "generalAndAdministrativeExpenses": 0,
    "sellingAndMarketingExpenses": 0,
    "sellingGeneralAndAdministrativeExpenses": 768000000,
    "otherExpenses": 885000000,
    "operatingExpenses": 1692000000,
    "costAndExpenses": 6012000000,
    "interestIncome": 0,
    "interestExpense": 0,
    "depreciationAndAmortization": 913000000,
    "ebitda": 3229000000,
    "ebitdaratio": 0.3898816711,
    "operatingIncome": 2270000000,
    "operatingIncomeRatio": 0.2740883844,
    "totalOtherIncomeExpensesNet": 32000000,
    "incomeBeforeTax": 2302000000,
    "incomeBeforeTaxRatio": 0.2779521855,
    "incomeTaxExpense": 533000000,
    "netIncome": 1725000000,
    "netIncomeRatio": 0.2082830234,
    "eps": 3.6,
    "epsdiluted": 3.6,
    "weightedAverageShsOut": 479166666,
    "weightedAverageShsOutDil": 478877000,
    "link": "https://www.sec.gov/Archives/edgar/data/1707925/000162828025007990/0001628280-25-007990-index.htm",
    "finalLink": "https://www.sec.gov/Archives/edgar/data/1707925/000162828025007990/lin-20241231.htm"
  },
  {
    "date": "2024-09-30",
    "symbol": "LIN",
    "reportedCurrency": "USD",
    "cik": "0001707925",
    "fillingDate": "2024-10-31",
    "acceptedDate": "2024-10-31 10:18:07",
    "calendarYear": "2024",
    "period": "Q3",
    "revenue": 8356000000,
    "costOfRevenue": 5316000000,
    "grossProfit": 3040000000,
    "grossProfitRatio": 0.3638104356,
    "researchAndDevelopmentExpenses": 37000000,
    "generalAndAdministrativeExpenses": 0,
    "sellingAndMarketingExpenses": 0,
    "sellingGeneralAndAdministrativeExpenses": 823000000,
    "otherExpenses": 0,
    "operatingExpenses": 860000000,
    "costAndExpenses": 6176000000,
    "interestIncome": 0,
    "interestExpense": 68000000,
    "depreciationAndAmortization": 960000000,
    "ebitda": 3023000000,
    "ebitdaratio": 0.3617759694,
    "operatingIncome": 2086000000,
    "operatingIncomeRatio": 0.2496409765,
    "totalOtherIncomeExpensesNet": -23000000,
    "incomeBeforeTax": 2063000000,
    "incomeBeforeTaxRatio": 0.2468884634,
    "incomeTaxExpense": 498000000,
    "netIncome": 1550000000,
    "netIncomeRatio": 0.1854954524,
    "eps": 3.24,
    "epsdiluted": 3.22,
    "weightedAverageShsOut": 477662000,
    "weightedAverageShsOutDil": 480898000,
    "link": "https://www.sec.gov/Archives/edgar/data/1707925/000162828024044457/0001628280-24-044457-index.htm",
    "finalLink": "https://www.sec.gov/Archives/edgar/data/1707925/000162828024044457/lin-20240930.htm"
  },
  {
    "date": "2024-06-30",
    "symbol": "LIN",
    "reportedCurrency": "USD",
    "cik": "0001707925",
    "fillingDate": "2024-08-02",
    "acceptedDate": "2024-08-02 10:40:43",
    "calendarYear": "2024",
    "period": "Q2",
    "revenue": 8267000000,
    "costOfRevenue": 5209000000,
    "grossProfit": 3058000000,
    "grossProfitRatio": 0.3699044393,
    "researchAndDevelopmentExpenses": 36000000,
    "generalAndAdministrativeExpenses": 791000000,
    "sellingAndMarketingExpenses": 49000000,
    "sellingGeneralAndAdministrativeExpenses": 840000000,
    "otherExpenses": 2000000,
    "operatingExpenses": 876000000,
    "costAndExpenses": 6085000000,
    "interestIncome": 0,
    "interestExpense": 70000000,
    "depreciationAndAmortization": 958000000,
    "ebitda": 3189000000,
    "ebitdaratio": 0.3857505746,
    "operatingIncome": 2182000000,
    "operatingIncomeRatio": 0.2639409701,
    "totalOtherIncomeExpensesNet": -21000000,
    "incomeBeforeTax": 2163000000,
    "incomeBeforeTaxRatio": 0.2616426757,
    "incomeTaxExpense": 508000000,
    "netIncome": 1663000000,
    "netIncomeRatio": 0.2011612435,
    "eps": 3.46,
    "epsdiluted": 3.44,
    "weightedAverageShsOut": 479973000,
    "weightedAverageShsOutDil": 483177000,
    "link": "https://www.sec.gov/Archives/edgar/data/1707925/000162828024034299/0001628280-24-034299-index.htm",
    "finalLink": "https://www.sec.gov/Archives/edgar/data/1707925/000162828024034299/lin-20240630.htm"
  },
  {
    "date": "2024-03-31",
    "symbol": "LIN",
    "reportedCurrency": "USD",
    "cik": "0001707925",
    "fillingDate": "2024-05-02",
    "acceptedDate": "2024-05-02 10:16:10",
    "calendarYear": "2024",
    "period": "Q1",
    "revenue": 8100000000,
    "costOfRevenue": 4216000000,
    "grossProfit": 3884000000,
    "grossProfitRatio": 0.4795061728,
    "researchAndDevelopmentExpenses": 38000000,
    "generalAndAdministrativeExpenses": 810000000,
    "sellingAndMarketingExpenses": 0,
    "sellingGeneralAndAdministrativeExpenses": 810000000,
    "otherExpenses": 58000000,
    "operatingExpenses": 1797000000,
    "costAndExpenses": 6013000000,
    "interestIncome": 0,
    "interestExpense": 65000000,
    "depreciationAndAmortization": 949000000,
    "ebitda": 3051000000,
    "ebitdaratio": 0.3766666667,
    "operatingIncome": 2095000000,
    "operatingIncomeRatio": 0.2586419753,
    "totalOtherIncomeExpensesNet": -15000000,
    "incomeBeforeTax": 2080000000,
    "incomeBeforeTaxRatio": 0.2567901235,
    "incomeTaxExpense": 463000000,
    "netIncome": 1627000000,
    "netIncomeRatio": 0.2008641975,
    "eps": 3.38,
    "epsdiluted": 3.35,
    "weightedAverageShsOut": 481949000,
    "weightedAverageShsOutDil": 485592000,
    "link": "https://www.sec.gov/Archives/edgar/data/1707925/000170792524000090/0001707925-24-000090-index.htm",
    "finalLink": "https://www.sec.gov/Archives/edgar/data/1707925/000170792524000090/lin-20240331.htm"
  },
  {
    "date": "2023-12-31",
    "symbol": "LIN",
    "reportedCurrency": "USD",
    "cik": "0001707925",
    "fillingDate": "2024-02-28",
    "acceptedDate": "2024-02-28 09:56:28",
    "calendarYear": "2023",
    "period": "Q4",
    "revenue": 12733000000,
    "costOfRevenue": 4431000000,
    "grossProfit": 8302000000,
    "grossProfitRatio": 0.652006597,
    "researchAndDevelopmentExpenses": 39000000,
    "generalAndAdministrativeExpenses": 0,
    "sellingAndMarketingExpenses": 0,
    "sellingGeneralAndAdministrativeExpenses": 832000000,
    "otherExpenses": -55000000,
    "operatingExpenses": 871000000,
    "costAndExpenses": 871000000,
    "interestIncome": 0,
    "interestExpense": 71000000,
    "depreciationAndAmortization": 949000000,
    "ebitda": 3060000000,
    "ebitdaratio": 0.2403204272,
    "operatingIncome": 2028000000,
    "operatingIncomeRatio": 0.1592711851,
    "totalOtherIncomeExpensesNet": -32000000,
    "incomeBeforeTax": 1996000000,
    "incomeBeforeTaxRatio": 0.1567580303,
    "incomeTaxExpense": 453000000,
    "netIncome": 1543000000,
    "netIncomeRatio": 0.1211811828,
    "eps": 3.16,
    "epsdiluted": 3.16,
    "weightedAverageShsOut": 484229000,
    "weightedAverageShsOutDil": 488249000,
    "link": "https://www.sec.gov/Archives/edgar/data/1707925/000162828024007424/0001628280-24-007424-index.htm",
    "finalLink": "https://www.sec.gov/Archives/edgar/data/1707925/000162828024007424/lin-20231231.htm"
  },
  {
    "date": "2023-09-30",
    "symbol": "LIN",
    "reportedCurrency": "USD",
    "cik": "0001707925",
    "fillingDate": "2023-10-26",
    "acceptedDate": "2023-10-26 13:21:28",
    "calendarYear": "2023",
    "period": "Q3",
    "revenue": 8155000000,
    "costOfRevenue": 4314000000,
    "grossProfit": 3841000000,
    "grossProfitRatio": 0.4709993869,
    "researchAndDevelopmentExpenses": 36000000,
    "generalAndAdministrativeExpenses": 0,
    "sellingAndMarketingExpenses": 0,
    "sellingGeneralAndAdministrativeExpenses": 808000000,
    "otherExpenses": 49000000,
    "operatingExpenses": 1803000000,
    "costAndExpenses": 6117000000,
    "interestIncome": 40000000,
    "interestExpense": 40000000,
    "depreciationAndAmortization": 959000000,
    "ebitda": 3051000000,
    "ebitdaratio": 0.3741263029,
    "operatingIncome": 2052000000,
    "operatingIncomeRatio": 0.2516247701,
    "totalOtherIncomeExpensesNet": -5000000,
    "incomeBeforeTax": 2047000000,
    "incomeBeforeTaxRatio": 0.2510116493,
    "incomeTaxExpense": 487000000,
    "netIncome": 1565000000,
    "netIncomeRatio": 0.1919068056,
    "eps": 3.21,
    "epsdiluted": 3.19,
    "weightedAverageShsOut": 487122000,
    "weightedAverageShsOutDil": 491076000,
    "link": "https://www.sec.gov/Archives/edgar/data/1707925/000162828023035251/0001628280-23-035251-index.htm",
    "finalLink": "https://www.sec.gov/Archives/edgar/data/1707925/000162828023035251/lin-20230930.htm"
  },
  {
    "date": "2023-06-30",
    "symbol": "LIN",
    "reportedCurrency": "USD",
    "cik": "0001707925",
    "fillingDate": "2023-07-27",
    "acceptedDate": "2023-07-27 13:32:42",
    "calendarYear": "2023",
    "period": "Q2",
    "revenue": 8204000000,
    "costOfRevenue": 4316000000,
    "grossProfit": 3888000000,
    "grossProfitRatio": 0.4739151633,
    "researchAndDevelopmentExpenses": 35000000,
    "generalAndAdministrativeExpenses": 0,
    "sellingAndMarketingExpenses": 0,
    "sellingGeneralAndAdministrativeExpenses": 833000000,
    "otherExpenses": -4000000,
    "operatingExpenses": 1828000000,
    "costAndExpenses": 6144000000,
    "interestIncome": 8000000,
    "interestExpense": 52000000,
    "depreciationAndAmortization": 960000000,
    "ebitda": 3017000000,
    "ebitdaratio": 0.3677474403,
    "operatingIncome": 2011000000,
    "operatingIncomeRatio": 0.2451243296,
    "totalOtherIncomeExpensesNet": -7000000,
    "incomeBeforeTax": 2004000000,
    "incomeBeforeTaxRatio": 0.2442710873,
    "incomeTaxExpense": 438000000,
    "netIncome": 1575000000,
    "netIncomeRatio": 0.1919795222,
    "eps": 3.22,
    "epsdiluted": 3.19,
    "weightedAverageShsOut": 489618000,
    "weightedAverageShsOutDil": 493549000,
    "link": "https://www.sec.gov/Archives/edgar/data/1707925/000162828023025878/0001628280-23-025878-index.htm",
    "finalLink": "https://www.sec.gov/Archives/edgar/data/1707925/000162828023025878/lin-20230630.htm"
  },
  {
    "date": "2023-03-31",
    "symbol": "LIN",
    "reportedCurrency": "USD",
    "cik": "0001707925",
    "fillingDate": "2023-04-27",
    "acceptedDate": "2023-04-27 13:09:46",
    "calendarYear": "2023",
    "period": "Q1",
    "revenue": 8193000000,
    "costOfRevenue": 4431000000,
    "grossProfit": 3762000000,
    "grossProfitRatio": 0.4591724643,
    "researchAndDevelopmentExpenses": 36000000,
    "generalAndAdministrativeExpenses": 777000000,
    "sellingAndMarketingExpenses": 45000000,
    "sellingGeneralAndAdministrativeExpenses": 822000000,
    "otherExpenses": 948000000,
    "operatingExpenses": 1806000000,
    "costAndExpenses": 6237000000,
    "interestIncome": 37000000,
    "interestExpense": 37000000,
    "depreciationAndAmortization": 948000000,
    "ebitda": 2944000000,
    "ebitdaratio": 0.3593311363,
    "operatingIncome": 1933000000,
    "operatingIncomeRatio": 0.2359331136,
    "totalOtherIncomeExpensesNet": 8000000,
    "incomeBeforeTax": 1941000000,
    "incomeBeforeTaxRatio": 0.2369095569,
    "incomeTaxExpense": 430000000,
    "netIncome": 1516000000,
    "netIncomeRatio": 0.1850360063,
    "eps": 3.07,
    "epsdiluted": 3.05,
    "weightedAverageShsOut": 491817000,
    "weightedAverageShsOutDil": 495676000,
    "link": "https://www.sec.gov/Archives/edgar/data/1707925/000162828023013457/0001628280-23-013457-index.htm",
    "finalLink": "https://www.sec.gov/Archives/edgar/data/1707925/000162828023013457/lin-20230331.htm"
  },
  {
    "date": "2022-12-31",
    "symbol": "LIN",
    "reportedCurrency": "USD",
    "cik": "0001707925",
    "fillingDate": "2023-02-28",
    "acceptedDate": "2023-02-28 13:10:13",
    "calendarYear": "2022",
    "period": "Q4",
    "revenue": 7899000000,
    "costOfRevenue": 4427000000,
    "grossProfit": 3472000000,
    "grossProfitRatio": 0.43954931,
    "researchAndDevelopmentExpenses": 36000000,
    "generalAndAdministrativeExpenses": 0,
    "sellingAndMarketingExpenses": 0,
    "sellingGeneralAndAdministrativeExpenses": 764000000,
    "otherExpenses": 956000000,
    "operatingExpenses": 1756000000,
    "costAndExpenses": 6183000000,
    "interestIncome": 66000000,
    "interestExpense": 31000000,
    "depreciationAndAmortization": 956000000,
    "ebitda": 2759000000,
    "ebitdaratio": 0.3492847196,
    "operatingIncome": 1687000000,
    "operatingIncomeRatio": 0.2135713381,
    "totalOtherIncomeExpensesNet": 27000000,
    "incomeBeforeTax": 1714000000,
    "incomeBeforeTaxRatio": 0.2169894923,
    "incomeTaxExpense": 388000000,
    "netIncome": 1328000000,
    "netIncomeRatio": 0.1681225472,
    "eps": 2.69,
    "epsdiluted": 2.67,
    "weightedAverageShsOut": 493652000,
    "weightedAverageShsOutDil": 497922000,
    "link": "https://www.sec.gov/Archives/edgar/data/1707925/000162828023005434/0001628280-23-005434-index.htm",
    "finalLink": "https://www.sec.gov/Archives/edgar/data/1707925/000162828023005434/lin-20221231.htm"
  },
  {
    "date": "2022-09-30",
    "symbol": "LIN",
    "reportedCurrency": "USD",
    "cik": "0001707925",
    "fillingDate": "2022-10-27",
    "acceptedDate": "2022-10-27 13:21:07",
    "calendarYear": "2022",
    "period": "Q3",
    "revenue": 8797000000,
    "costOfRevenue": 5285000000,
    "grossProfit": 3512000000,
    "grossProfitRatio": 0.3992270092,
    "researchAndDevelopmentExpenses": 35000000,
    "generalAndAdministrativeExpenses": 0,
    "sellingAndMarketingExpenses": 0,
    "sellingGeneralAndAdministrativeExpenses": 770000000,
    "otherExpenses": 1045000000,
    "operatingExpenses": 1850000000,
    "costAndExpenses": 7135000000,
    "interestIncome": 18000000,
    "interestExpense": 18000000,
    "depreciationAndAmortization": 668000000,
    "ebitda": 6951000000,
    "ebitdaratio": 0.7901557349,
    "operatingIncome": 1613000000,
    "operatingIncomeRatio": 0.1833579629,
    "totalOtherIncomeExpensesNet": 35000000,
    "incomeBeforeTax": 1648000000,
    "incomeBeforeTaxRatio": 0.187336592,
    "incomeTaxExpense": 391000000,
    "netIncome": 1273000000,
    "netIncomeRatio": 0.1447084233,
    "eps": 2.56,
    "epsdiluted": 2.54,
    "weightedAverageShsOut": 497186000,
    "weightedAverageShsOutDil": 501151000,
    "link": "https://www.sec.gov/Archives/edgar/data/1707925/000162828022027183/0001628280-22-027183-index.htm",
    "finalLink": "https://www.sec.gov/Archives/edgar/data/1707925/000162828022027183/lin-20220930.htm"
  },
  {
    "date": "2022-06-30",
    "symbol": "LIN",
    "reportedCurrency": "USD",
    "cik": "0001707925",
    "fillingDate": "2022-07-28",
    "acceptedDate": "2022-07-28 14:19:33",
    "calendarYear": "2022",
    "period": "Q2",
    "revenue": 8457000000,
    "costOfRevenue": 4940000000,
    "grossProfit": 3517000000,
    "grossProfitRatio": 0.4158685113,
    "researchAndDevelopmentExpenses": 37000000,
    "generalAndAdministrativeExpenses": 0,
    "sellingAndMarketingExpenses": 0,
    "sellingGeneralAndAdministrativeExpenses": 771000000,
    "otherExpenses": 1091000000,
    "operatingExpenses": 1899000000,
    "costAndExpenses": 6839000000,
    "interestIncome": 0,
    "interestExpense": 5000000,
    "depreciationAndAmortization": 690000000,
    "ebitda": 5591000000,
    "ebitdaratio": 0.6611091404,
    "operatingIncome": 589000000,
    "operatingIncomeRatio": 0.0696464467,
    "totalOtherIncomeExpensesNet": 57000000,
    "incomeBeforeTax": 646000000,
    "incomeBeforeTaxRatio": 0.0763864254,
    "incomeTaxExpense": 286000000,
    "netIncome": 372000000,
    "netIncomeRatio": 0.0439872295,
    "eps": 0.74,
    "epsdiluted": 0.74,
    "weightedAverageShsOut": 501034000,
    "weightedAverageShsOutDil": 505269000,
    "link": "https://www.sec.gov/Archives/edgar/data/1707925/000162828022019683/0001628280-22-019683-index.htm",
    "finalLink": "https://www.sec.gov/Archives/edgar/data/1707925/000162828022019683/lin-20220630.htm"
  },
  {
    "date": "2022-03-31",
    "symbol": "LIN",
    "reportedCurrency": "USD",
    "cik": "0001707925",
    "fillingDate": "2022-05-02",
    "acceptedDate": "2022-05-02 16:09:26",
    "calendarYear": "2022",
    "period": "Q1",
    "revenue": 8211000000,
    "costOfRevenue": 4798000000,
    "grossProfit": 3413000000,
    "grossProfitRatio": 0.4156619169,
    "researchAndDevelopmentExpenses": 35000000,
    "generalAndAdministrativeExpenses": 0,
    "sellingAndMarketingExpenses": 0,
    "sellingGeneralAndAdministrativeExpenses": 802000000,
    "otherExpenses": 1112000000,
    "operatingExpenses": 1949000000,
    "costAndExpenses": 6747000000,
    "interestIncome": 0,
    "interestExpense": 9000000,
    "depreciationAndAmortization": 694000000,
    "ebitda": 6342000000,
    "ebitdaratio": 0.7723785166,
    "operatingIncome": 1480000000,
    "operatingIncomeRatio": 0.1802460114,
    "totalOtherIncomeExpensesNet": 55000000,
    "incomeBeforeTax": 1535000000,
    "incomeBeforeTaxRatio": 0.186944343,
    "incomeTaxExpense": 369000000,
    "netIncome": 1174000000,
    "netIncomeRatio": 0.1429789307,
    "eps": 2.31,
    "epsdiluted": 2.3,
    "weightedAverageShsOut": 507152000,
    "weightedAverageShsOutDil": 511410000,
    "link": "https://www.sec.gov/Archives/edgar/data/1707925/000162828022011722/0001628280-22-011722-index.htm",
    "finalLink": "https://www.sec.gov/Archives/edgar/data/1707925/000162828022011722/lin-20220331.htm"
  },
  {
    "date": "2021-12-31",
    "symbol": "LIN",
    "reportedCurrency": "USD",
    "cik": "0001707925",
    "fillingDate": "2022-02-28",
    "acceptedDate": "2022-02-28 14:42:30",
    "calendarYear": "2021",
    "period": "Q4",
    "revenue": 8298000000,
    "costOfRevenue": 4927000000,
    "grossProfit": 3371000000,
    "grossProfitRatio": 0.4062424681,
    "researchAndDevelopmentExpenses": 38000000,
    "generalAndAdministrativeExpenses": 0,
    "sellingAndMarketingExpenses": 0,
    "sellingGeneralAndAdministrativeExpenses": 787000000,
    "otherExpenses": -25000000,
    "operatingExpenses": 1960000000,
    "costAndExpenses": 6887000000,
    "interestIncome": 0,
    "interestExpense": 31000000,
    "depreciationAndAmortization": 1135000000,
    "ebitda": 2633000000,
    "ebitdaratio": 0.3173053748,
    "operatingIncome": 1337000000,
    "operatingIncomeRatio": 0.1611231622,
    "totalOtherIncomeExpensesNet": 18000000,
    "incomeBeforeTax": 1355000000,
    "incomeBeforeTaxRatio": 0.1632923596,
    "incomeTaxExpense": 339000000,
    "netIncome": 1026000000,
    "netIncomeRatio": 0.1236442516,
    "eps": 2,
    "epsdiluted": 1.98,
    "weightedAverageShsOut": 511234000,
    "weightedAverageShsOutDil": 516276000,
    "link": "https://www.sec.gov/Archives/edgar/data/1707925/000162828022004180/0001628280-22-004180-index.htm",
    "finalLink": "https://www.sec.gov/Archives/edgar/data/1707925/000162828022004180/lin-20211231.htm"
  },
  {
    "date": "2021-09-30",
    "symbol": "LIN",
    "reportedCurrency": "USD",
    "cik": "0001707925",
    "fillingDate": "2021-10-29",
    "acceptedDate": "2021-10-29 11:18:57",
    "calendarYear": "2021",
    "period": "Q3",
    "revenue": 7668000000,
    "costOfRevenue": 4368000000,
    "grossProfit": 3300000000,
    "grossProfitRatio": 0.4303599374,
    "researchAndDevelopmentExpenses": 36000000,
    "generalAndAdministrativeExpenses": 0,
    "sellingAndMarketingExpenses": 0,
    "sellingGeneralAndAdministrativeExpenses": 793000000,
    "otherExpenses": 29000000,
    "operatingExpenses": 1992000000,
    "costAndExpenses": 6360000000,
    "interestIncome": 0,
    "interestExpense": 8000000,
    "depreciationAndAmortization": 1163000000,
    "ebitda": 2524000000,
    "ebitdaratio": 0.3291601461,
    "operatingIncome": 1292000000,
    "operatingIncomeRatio": 0.1684924361,
    "totalOtherIncomeExpensesNet": 37000000,
    "incomeBeforeTax": 1329000000,
    "incomeBeforeTaxRatio": 0.1733176839,
    "incomeTaxExpense": 321000000,
    "netIncome": 979000000,
    "netIncomeRatio": 0.1276734481,
    "eps": 1.9,
    "epsdiluted": 1.88,
    "weightedAverageShsOut": 515169000,
    "weightedAverageShsOutDil": 520079000,
    "link": "https://www.sec.gov/Archives/edgar/data/1707925/000162828021020801/0001628280-21-020801-index.htm",
    "finalLink": "https://www.sec.gov/Archives/edgar/data/1707925/000162828021020801/lin-20210930.htm"
  },
  {
    "date": "2021-06-30",
    "symbol": "LIN",
    "reportedCurrency": "USD",
    "cik": "0001707925",
    "fillingDate": "2021-07-30",
    "acceptedDate": "2021-07-30 13:35:49",
    "calendarYear": "2021",
    "period": "Q2",
    "revenue": 7584000000,
    "costOfRevenue": 4194000000,
    "grossProfit": 3390000000,
    "grossProfitRatio": 0.4469936709,
    "researchAndDevelopmentExpenses": 34000000,
    "generalAndAdministrativeExpenses": 0,
    "sellingAndMarketingExpenses": 0,
    "sellingGeneralAndAdministrativeExpenses": 822000000,
    "otherExpenses": -172000000,
    "operatingExpenses": 2027000000,
    "costAndExpenses": 6221000000,
    "interestIncome": 0,
    "interestExpense": 18000000,
    "depreciationAndAmortization": 1171000000,
    "ebitda": 2563000000,
    "ebitdaratio": 0.3379483122,
    "operatingIncome": 1142000000,
    "operatingIncomeRatio": 0.1505801688,
    "totalOtherIncomeExpensesNet": 31000000,
    "incomeBeforeTax": 1173000000,
    "incomeBeforeTaxRatio": 0.1546677215,
    "incomeTaxExpense": 334000000,
    "netIncome": 841000000,
    "netIncomeRatio": 0.1108913502,
    "eps": 1.62,
    "epsdiluted": 1.6,
    "weightedAverageShsOut": 518950000,
    "weightedAverageShsOutDil": 523723000,
    "link": "https://www.sec.gov/Archives/edgar/data/1707925/000162828021015013/0001628280-21-015013-index.htm",
    "finalLink": "https://www.sec.gov/Archives/edgar/data/1707925/000162828021015013/lin-20210630.htm"
  },
  {
    "date": "2021-03-31",
    "symbol": "LIN",
    "reportedCurrency": "USD",
    "cik": "0001707925",
    "fillingDate": "2021-05-06",
    "acceptedDate": "2021-05-06 13:15:34",
    "calendarYear": "2021",
    "period": "Q1",
    "revenue": 7243000000,
    "costOfRevenue": 4054000000,
    "grossProfit": 3189000000,
    "grossProfitRatio": 0.4402871738,
    "researchAndDevelopmentExpenses": 35000000,
    "generalAndAdministrativeExpenses": 0,
    "sellingAndMarketingExpenses": 0,
    "sellingGeneralAndAdministrativeExpenses": 787000000,
    "otherExpenses": 61000000,
    "operatingExpenses": 1988000000,
    "costAndExpenses": 6042000000,
    "interestIncome": 0,
    "interestExpense": 20000000,
    "depreciationAndAmortization": 1166000000,
    "ebitda": 2420000000,
    "ebitdaratio": 0.3341156979,
    "operatingIncome": 1213000000,
    "operatingIncomeRatio": 0.167472042,
    "totalOtherIncomeExpensesNet": 29000000,
    "incomeBeforeTax": 1242000000,
    "incomeBeforeTaxRatio": 0.1714759078,
    "incomeTaxExpense": 268000000,
    "netIncome": 980000000,
    "netIncomeRatio": 0.1353030512,
    "eps": 1.87,
    "epsdiluted": 1.86,
    "weightedAverageShsOut": 522459000,
    "weightedAverageShsOutDil": 526927000,
    "link": "https://www.sec.gov/Archives/edgar/data/1707925/000162828021009226/0001628280-21-009226-index.htm",
    "finalLink": "https://www.sec.gov/Archives/edgar/data/1707925/000162828021009226/lin-20210331.htm"
  },
  {
    "date": "2020-12-31",
    "symbol": "LIN",
    "reportedCurrency": "USD",
    "cik": "0001707925",
    "fillingDate": "2021-03-01",
    "acceptedDate": "2021-03-01 13:29:25",
    "calendarYear": "2020",
    "period": "Q4",
    "revenue": 7272000000,
    "costOfRevenue": 4086000000,
    "grossProfit": 3186000000,
    "grossProfitRatio": 0.4381188119,
    "researchAndDevelopmentExpenses": 38000000,
    "generalAndAdministrativeExpenses": 0,
    "sellingAndMarketingExpenses": 0,
    "sellingGeneralAndAdministrativeExpenses": 802000000,
    "otherExpenses": -79000000,
    "operatingExpenses": 2032000000,
    "costAndExpenses": 6118000000,
    "interestIncome": 0,
    "interestExpense": 35000000,
    "depreciationAndAmortization": 1192000000,
    "ebitda": 2398000000,
    "ebitdaratio": 0.3297579758,
    "operatingIncome": 1029000000,
    "operatingIncomeRatio": 0.1415016502,
    "totalOtherIncomeExpensesNet": 11000000,
    "incomeBeforeTax": 1040000000,
    "incomeBeforeTaxRatio": 0.1430143014,
    "incomeTaxExpense": 253000000,
    "netIncome": 770000000,
    "netIncomeRatio": 0.1058855886,
    "eps": 1.47,
    "epsdiluted": 1.45,
    "weightedAverageShsOut": 524442000,
    "weightedAverageShsOutDil": 529038000,
    "link": "https://www.sec.gov/Archives/edgar/data/1707925/000162828021003574/0001628280-21-003574-index.htm",
    "finalLink": "https://www.sec.gov/Archives/edgar/data/1707925/000162828021003574/lin-20201231.htm"
  },
  {
    "date": "2020-09-30",
    "symbol": "LIN",
    "reportedCurrency": "USD",
    "cik": "0001707925",
    "fillingDate": "2020-11-05",
    "acceptedDate": "2020-11-05 14:18:10",
    "calendarYear": "2020",
    "period": "Q3",
    "revenue": 6855000000,
    "costOfRevenue": 3835000000,
    "grossProfit": 3020000000,
    "grossProfitRatio": 0.4405543399,
    "researchAndDevelopmentExpenses": 36000000,
    "generalAndAdministrativeExpenses": 0,
    "sellingAndMarketingExpenses": 0,
    "sellingGeneralAndAdministrativeExpenses": 770000000,
    "otherExpenses": -36000000,
    "operatingExpenses": 1974000000,
    "costAndExpenses": 5809000000,
    "interestIncome": 0,
    "interestExpense": 38000000,
    "depreciationAndAmortization": 1168000000,
    "ebitda": 2223000000,
    "ebitdaratio": 0.3242888403,
    "operatingIncome": 969000000,
    "operatingIncomeRatio": 0.141356674,
    "totalOtherIncomeExpensesNet": 3000000,
    "incomeBeforeTax": 972000000,
    "incomeBeforeTaxRatio": 0.1417943107,
    "incomeTaxExpense": 265000000,
    "netIncome": 700000000,
    "netIncomeRatio": 0.1021152443,
    "eps": 1.33,
    "epsdiluted": 1.32,
    "weightedAverageShsOut": 525694000,
    "weightedAverageShsOutDil": 530415000,
    "link": "https://www.sec.gov/Archives/edgar/data/1707925/000162828020015678/0001628280-20-015678-index.htm",
    "finalLink": "https://www.sec.gov/Archives/edgar/data/1707925/000162828020015678/lin-20200930.htm"
  },
  {
    "date": "2020-06-30",
    "symbol": "LIN",
    "reportedCurrency": "USD",
    "cik": "0001707925",
    "fillingDate": "2020-07-31",
    "acceptedDate": "2020-07-31 09:30:53",
    "calendarYear": "2020",
    "period": "Q2",
    "revenue": 6377000000,
    "costOfRevenue": 3619000000,
    "grossProfit": 2758000000,
    "grossProfitRatio": 0.4324917673,
    "researchAndDevelopmentExpenses": 34000000,
    "generalAndAdministrativeExpenses": 0,
    "sellingAndMarketingExpenses": 0,
    "sellingGeneralAndAdministrativeExpenses": 760000000,
    "otherExpenses": 9000000,
    "operatingExpenses": 1918000000,
    "costAndExpenses": 5537000000,
    "interestIncome": 0,
    "interestExpense": 18000000,
    "depreciationAndAmortization": 1124000000,
    "ebitda": 2017000000,
    "ebitdaratio": 0.3162929277,
    "operatingIncome": 591000000,
    "operatingIncomeRatio": 0.0926768073,
    "totalOtherIncomeExpensesNet": 27000000,
    "incomeBeforeTax": 618000000,
    "incomeBeforeTaxRatio": 0.0969107731,
    "incomeTaxExpense": 164000000,
    "netIncome": 458000000,
    "netIncomeRatio": 0.0718206053,
    "eps": 0.87,
    "epsdiluted": 0.87,
    "weightedAverageShsOut": 525510000,
    "weightedAverageShsOutDil": 529054000,
    "link": "https://www.sec.gov/Archives/edgar/data/1707925/000162828020011079/0001628280-20-011079-index.htm",
    "finalLink": "https://www.sec.gov/Archives/edgar/data/1707925/000162828020011079/lin-20200630.htm"
  },
  {
    "date": "2020-03-31",
    "symbol": "LIN",
    "reportedCurrency": "USD",
    "cik": "0001707925",
    "fillingDate": "2020-05-07",
    "acceptedDate": "2020-05-07 14:23:30",
    "calendarYear": "2020",
    "period": "Q1",
    "revenue": 6739000000,
    "costOfRevenue": 3843000000,
    "grossProfit": 2896000000,
    "grossProfitRatio": 0.4297373498,
    "researchAndDevelopmentExpenses": 44000000,
    "generalAndAdministrativeExpenses": 0,
    "sellingAndMarketingExpenses": 0,
    "sellingGeneralAndAdministrativeExpenses": 861000000,
    "otherExpenses": -71000000,
    "operatingExpenses": 2047000000,
    "costAndExpenses": 5890000000,
    "interestIncome": 0,
    "interestExpense": 24000000,
    "depreciationAndAmortization": 1142000000,
    "ebitda": 2092000000,
    "ebitdaratio": 0.3104318148,
    "operatingIncome": 733000000,
    "operatingIncomeRatio": 0.1087698472,
    "totalOtherIncomeExpensesNet": 21000000,
    "incomeBeforeTax": 754000000,
    "incomeBeforeTaxRatio": 0.1118860365,
    "incomeTaxExpense": 165000000,
    "netIncome": 573000000,
    "netIncomeRatio": 0.0850274521,
    "eps": 1.07,
    "epsdiluted": 1.07,
    "weightedAverageShsOut": 531215000,
    "weightedAverageShsOutDil": 534956000,
    "link": "https://www.sec.gov/Archives/edgar/data/1707925/000170792520000047/0001707925-20-000047-index.htm",
    "finalLink": "https://www.sec.gov/Archives/edgar/data/1707925/000170792520000047/lin-q1202010q.htm"
  }
]