[
  {
    "date": "2024-12-31",
    "symbol": "LIN",
    "reportedCurrency": "USD",
    "cik": "0001707925",
    "fillingDate": "2025-02-26",
    "acceptedDate": "2025-02-26 10:17:43",
    "calendarYear": "2024",
    "period": "FY",
    "revenue": 33005000000,
    "costOfRevenue": 17143000000,
    "grossProfit": 15862000000,
    "grossProfitRatio": 0.4805938494,
    "researchAndDevelopmentExpenses": 150000000,
    "generalAndAdministrativeExpenses": 0,
    "sellingAndMarketingExpenses": 0,
    "sellingGeneralAndAdministrativeExpenses": 3337000000,
    "otherExpenses": 3740000000,
    "operatingExpenses": 7227000000,
    "costAndExpenses": 24370000000,
    "interestIncome": 0,
    "interestExpense": 256000000,
    "depreciationAndAmortization": 3780000000,
    "ebitda": 12750000000,
    "ebitdaratio": 0.3863051053,
    "operatingIncome": 8635000000,
    "operatingIncomeRatio": 0.2616270262,
    "totalOtherIncomeExpensesNet": 104000000,
    "incomeBeforeTax": 8739000000,
    "incomeBeforeTaxRatio": 0.2647780639,
    "incomeTaxExpense": 2002000000,
    "netIncome": 6565000000,
    "netIncomeRatio": 0.1989092562,
    "eps": 13.71,
    "epsdiluted": 13.62,
    "weightedAverageShsOut": 482011747,
    "weightedAverageShsOutDil": 482092000,
    "link": "https://www.sec.gov/Archives/edgar/data/1707925/000162828025007990/0001628280-25-007990-index.htm",
    "finalLink": "https://www.sec.gov/Archives/edgar/data/1707925/000162828025007990/lin-20241231.htm"
  },
  {
    "date": "2023-12-31",
    "symbol": "LIN",
    "reportedCurrency": "USD",
    "cik": "0001707925",
    "fillingDate": "2024-02-28",
    "acceptedDate": "2024-02-28 09:56:28",
    "calendarYear": "2023",
    "period": "FY",
    "revenue": 32854000000,
    "costOfRevenue": 17492000000,
    "grossProfit": 15362000000,
    "grossProfitRatio": 0.4675838558,
    "researchAndDevelopmentExpenses": 146000000,
    "generalAndAdministrativeExpenses": 1801000000,
    "sellingAndMarketingExpenses": 1330000000,
    "sellingGeneralAndAdministrativeExpenses": 3131000000,
    "otherExpenses": 4061000000,
    "operatingExpenses": 7338000000,
    "costAndExpenses": 24830000000,
    "interestIncome": 213000000,
    "interestExpense": 413000000,
    "depreciationAndAmortization": 3816000000,
    "ebitda": 12217000000,
    "ebitdaratio": 0.3718573081,
    "operatingIncome": 8024000000,
    "operatingIncomeRatio": 0.244232057,
    "totalOtherIncomeExpensesNet": -36000000,
    "incomeBeforeTax": 7988000000,
    "incomeBeforeTaxRatio": 0.2431363,
    "incomeTaxExpense": 1814000000,
    "netIncome": 6199000000,
    "netIncomeRatio": 0.1886832654,
    "eps": 12.7,
    "epsdiluted": 12.59,
    "weightedAverageShsOut": 488191000,
    "weightedAverageShsOutDil": 492290000,
    "link": "https://www.sec.gov/Archives/edgar/data/1707925/000162828024007424/0001628280-24-007424-index.htm",
    "finalLink": "https://www.sec.gov/Archives/edgar/data/1707925/000162828024007424/lin-20231231.htm"
  },
  {
    "date": "2022-12-31",
    "symbol": "LIN",
    "reportedCurrency": "USD",
    "cik": "0001707925",
    "fillingDate": "2023-02-28",
    "acceptedDate": "2023-02-28 13:10:13",
    "calendarYear": "2022",
    "period": "FY",
    "revenue": 33364000000,
    "costOfRevenue": 19450000000,
    "grossProfit": 13914000000,
    "grossProfitRatio": 0.4170363266,
    "researchAndDevelopmentExpenses": 143000000,
    "generalAndAdministrativeExpenses": 1812000000,
    "sellingAndMarketingExpenses": 1295000000,
    "sellingGeneralAndAdministrativeExpenses": 3107000000,
    "otherExpenses": 4204000000,
    "operatingExpenses": 7454000000,
    "costAndExpenses": 26904000000,
    "interestIncome": 152000000,
    "interestExpense": 63000000,
    "depreciationAndAmortization": 4204000000,
    "ebitda": 10861000000,
    "ebitdaratio": 0.3255305119,
    "operatingIncome": 5369000000,
    "operatingIncomeRatio": 0.1609219518,
    "totalOtherIncomeExpensesNet": 174000000,
    "incomeBeforeTax": 5543000000,
    "incomeBeforeTaxRatio": 0.1661371538,
    "incomeTaxExpense": 1434000000,
    "netIncome": 4147000000,
    "netIncomeRatio": 0.124295648,
    "eps": 8.3,
    "epsdiluted": 8.23,
    "weightedAverageShsOut": 499736000,
    "weightedAverageShsOutDil": 504038000,
    "link": "https://www.sec.gov/Archives/edgar/data/1707925/000162828023005434/0001628280-23-005434-index.htm",
    "finalLink": "https://www.sec.gov/Archives/edgar/data/1707925/000162828023005434/lin-20221231.htm"
  },
  {
    "date": "2021-12-31",
    "symbol": "LIN",
    "reportedCurrency": "USD",
    "cik": "0001707925",
    "fillingDate": "2022-02-28",
    "acceptedDate": "2022-02-28 14:42:30",
    "calendarYear": "2021",
    "period": "FY",
    "revenue": 30793000000,
    "costOfRevenue": 17543000000,
    "grossProfit": 13250000000,
    "grossProfitRatio": 0.430292599,
    "researchAndDevelopmentExpenses": 143000000,
    "generalAndAdministrativeExpenses": 1847000000,
    "sellingAndMarketingExpenses": 1342000000,
    "sellingGeneralAndAdministrativeExpenses": 3189000000,
    "otherExpenses": 4635000000,
    "operatingExpenses": 7967000000,
    "costAndExpenses": 25510000000,
    "interestIncome": 40000000,
    "interestExpense": 77000000,
    "depreciationAndAmortization": 4635000000,
    "ebitda": 10136000000,
    "ebitdaratio": 0.3291657195,
    "operatingIncome": 4984000000,
    "operatingIncomeRatio": 0.161854967,
    "totalOtherIncomeExpensesNet": 115000000,
    "incomeBeforeTax": 5099000000,
    "incomeBeforeTaxRatio": 0.165589582,
    "incomeTaxExpense": 1262000000,
    "netIncome": 3826000000,
    "netIncomeRatio": 0.1242490176,
    "eps": 7.4,
    "epsdiluted": 7.33,
    "weightedAverageShsOut": 516896000,
    "weightedAverageShsOutDil": 521875000,
    "link": "https://www.sec.gov/Archives/edgar/data/1707925/000162828022004180/0001628280-22-004180-index.htm",
    "finalLink": "https://www.sec.gov/Archives/edgar/data/1707925/000162828022004180/lin-20211231.htm"
  },
  {
    "date": "2020-12-31",
    "symbol": "LIN",
    "reportedCurrency": "USD",
    "cik": "0001707925",
    "fillingDate": "2021-03-01",
    "acceptedDate": "2021-03-01 13:29:25",
    "calendarYear": "2020",
    "period": "FY",
    "revenue": 27243000000,
    "costOfRevenue": 15383000000,
    "grossProfit": 11860000000,
    "grossProfitRatio": 0.4353411886,
    "researchAndDevelopmentExpenses": 152000000,
    "generalAndAdministrativeExpenses": 1890000000,
    "sellingAndMarketingExpenses": 1303000000,
    "sellingGeneralAndAdministrativeExpenses": 3193000000,
    "otherExpenses": 4626000000,
    "operatingExpenses": 7971000000,
    "costAndExpenses": 23354000000,
    "interestIncome": 55000000,
    "interestExpense": 115000000,
    "depreciationAndAmortization": 4626000000,
    "ebitda": 8732000000,
    "ebitdaratio": 0.3205227031,
    "operatingIncome": 3322000000,
    "operatingIncomeRatio": 0.1219395808,
    "totalOtherIncomeExpensesNet": 62000000,
    "incomeBeforeTax": 3384000000,
    "incomeBeforeTaxRatio": 0.1242153948,
    "incomeTaxExpense": 847000000,
    "netIncome": 2501000000,
    "netIncomeRatio": 0.091803399,
    "eps": 4.75,
    "epsdiluted": 4.71,
    "weightedAverageShsOut": 526736000,
    "weightedAverageShsOutDil": 531157000,
    "link": "https://www.sec.gov/Archives/edgar/data/1707925/000162828021003574/0001628280-21-003574-index.htm",
    "finalLink": "https://www.sec.gov/Archives/edgar/data/1707925/000162828021003574/lin-20201231.htm"
  },
  {
    "date": "2019-12-31",
    "symbol": "LIN",
    "reportedCurrency": "USD",
    "cik": "0001707925",
    "fillingDate": "2020-03-02",
    "acceptedDate": "2020-03-02 15:19:05",
    "calendarYear": "2019",
    "period": "FY",
    "revenue": 28228000000,
    "costOfRevenue": 16644000000,
    "grossProfit": 11584000000,
    "grossProfitRatio": 0.4103726796,
    "researchAndDevelopmentExpenses": 184000000,
    "generalAndAdministrativeExpenses": 1857000000,
    "sellingAndMarketingExpenses": 1600000000,
    "sellingGeneralAndAdministrativeExpenses": 3457000000,
    "otherExpenses": 4675000000,
    "operatingExpenses": 8316000000,
    "costAndExpenses": 24960000000,
    "interestIncome": 112000000,
    "interestExpense": 38000000,
    "depreciationAndAmortization": 4675000000,
    "ebitda": 8043000000,
    "ebitdaratio": 0.2849298569,
    "operatingIncome": 2933000000,
    "operatingIncomeRatio": 0.1039039252,
    "totalOtherIncomeExpensesNet": -6000000,
    "incomeBeforeTax": 2927000000,
    "incomeBeforeTaxRatio": 0.1036913703,
    "incomeTaxExpense": 769000000,
    "netIncome": 2285000000,
    "netIncomeRatio": 0.0809479949,
    "eps": 4.22,
    "epsdiluted": 4.19,
    "weightedAverageShsOut": 541094000,
    "weightedAverageShsOutDil": 545170000,
    "link": "https://www.sec.gov/Archives/edgar/data/1707925/000170792520000015/0001707925-20-000015-index.htm",
    "finalLink": "https://www.sec.gov/Archives/edgar/data/1707925/000170792520000015/lin201910-k.htm"
  },
  {
    "date": "2018-12-31",
    "symbol": "LIN",
    "reportedCurrency": "USD",
    "cik": "0001707925",
    "fillingDate": "2019-03-18",
    "acceptedDate": "2019-03-18 12:53:02",
    "calendarYear": "2018",
    "period": "FY",
    "revenue": 14900000000,
    "costOfRevenue": 9084000000,
    "grossProfit": 5816000000,
    "grossProfitRatio": 0.3903355705,
    "researchAndDevelopmentExpenses": 113000000,
    "generalAndAdministrativeExpenses": 872000000,
    "sellingAndMarketingExpenses": 757000000,
    "sellingGeneralAndAdministrativeExpenses": 1629000000,
    "otherExpenses": 19000000,
    "operatingExpenses": 3572000000,
    "costAndExpenses": 12656000000,
    "interestIncome": 0,
    "interestExpense": 202000000,
    "depreciationAndAmortization": 1830000000,
    "ebitda": 4045000000,
    "ebitdaratio": 0.2714765101,
    "operatingIncome": 5247000000,
    "operatingIncomeRatio": 0.352147651,
    "totalOtherIncomeExpensesNet": -198000000,
    "incomeBeforeTax": 5049000000,
    "incomeBeforeTaxRatio": 0.3388590604,
    "incomeTaxExpense": 817000000,
    "netIncome": 4381000000,
    "netIncomeRatio": 0.2940268456,
    "eps": 13.26,
    "epsdiluted": 13.11,
    "weightedAverageShsOut": 330401000,
    "weightedAverageShsOutDil": 334127000,
    "link": "https://www.sec.gov/Archives/edgar/data/1707925/000162828019003050/0001628280-19-003050-index.htm",
    "finalLink": "https://www.sec.gov/Archives/edgar/data/1707925/000162828019003050/plc201810-k.htm"
  },
  {
    "date": "2017-12-31",
    "symbol": "LIN",
    "reportedCurrency": "USD",
    "cik": "0001707925",
    "fillingDate": "2018-03-23",
    "acceptedDate": "2018-03-23 13:12:08",
    "calendarYear": "2017",
    "period": "FY",
    "revenue": 11437000000,
    "costOfRevenue": 6455000000,
    "grossProfit": 4982000000,
    "grossProfitRatio": 0.4356037422,
    "researchAndDevelopmentExpenses": 93000000,
    "generalAndAdministrativeExpenses": 696000000,
    "sellingAndMarketingExpenses": 511000000,
    "sellingGeneralAndAdministrativeExpenses": 1207000000,
    "otherExpenses": 4000000,
    "operatingExpenses": 2484000000,
    "costAndExpenses": 8939000000,
    "interestIncome": 0,
    "interestExpense": 161000000,
    "depreciationAndAmortization": 1184000000,
    "ebitda": 3683000000,
    "ebitdaratio": 0.3220250066,
    "operatingIncome": 2448000000,
    "operatingIncomeRatio": 0.2140421439,
    "totalOtherIncomeExpensesNet": -157000000,
    "incomeBeforeTax": 2287000000,
    "incomeBeforeTaxRatio": 0.1999650258,
    "incomeTaxExpense": 1026000000,
    "netIncome": 1247000000,
    "netIncomeRatio": 0.1090320888,
    "eps": 4.36,
    "epsdiluted": 4.32,
    "weightedAverageShsOut": 286261000,
    "weightedAverageShsOutDil": 289114000,
    "link": "https://www.sec.gov/Archives/edgar/data/1707925/000170792518000004/0001707925-18-000004-index.htm",
    "finalLink": "https://www.sec.gov/Archives/edgar/data/1707925/000170792518000004/lindeplc201710k.htm"
  },
  {
    "date": "2016-12-31",
    "symbol": "LIN",
    "reportedCurrency": "USD",
    "cik": "0001707925",
    "fillingDate": "2016-12-31",
    "acceptedDate": "2016-12-30 19:00:00",
    "calendarYear": "2016",
    "period": "FY",
    "revenue": 10534000000,
    "costOfRevenue": 5860000000,
    "grossProfit": 4674000000,
    "grossProfitRatio": 0.4437060946,
    "researchAndDevelopmentExpenses": 92000000,
    "generalAndAdministrativeExpenses": 652000000,
    "sellingAndMarketingExpenses": 493000000,
    "sellingGeneralAndAdministrativeExpenses": 1145000000,
    "otherExpenses": -77000000,
    "operatingExpenses": 2359000000,
    "costAndExpenses": 8219000000,
    "interestIncome": 0,
    "interestExpense": 190000000,
    "depreciationAndAmortization": 1122000000,
    "ebitda": 3441000000,
    "ebitdaratio": 0.3266565407,
    "operatingIncome": 2238000000,
    "operatingIncomeRatio": 0.2124549079,
    "totalOtherIncomeExpensesNet": -199000000,
    "incomeBeforeTax": 2048000000,
    "incomeBeforeTaxRatio": 0.1944180748,
    "incomeTaxExpense": 551000000,
    "netIncome": 1500000000,
    "netIncomeRatio": 0.1423960509,
    "eps": 5.25,
    "epsdiluted": 5.21,
    "weightedAverageShsOut": 285677000,
    "weightedAverageShsOutDil": 287757000,
    "link": "",
    "finalLink": ""
  },
  {
    "date": "2015-12-31",
    "symbol": "LIN",
    "reportedCurrency": "USD",
    "cik": "0001707925",
    "fillingDate": "2015-12-31",
    "acceptedDate": "2015-12-30 19:00:00",
    "calendarYear": "2015",
    "period": "FY",
    "revenue": 10776000000,
    "costOfRevenue": 5960000000,
    "grossProfit": 4816000000,
    "grossProfitRatio": 0.4469190794,
    "researchAndDevelopmentExpenses": 93000000,
    "generalAndAdministrativeExpenses": 645000000,
    "sellingAndMarketingExpenses": 507000000,
    "sellingGeneralAndAdministrativeExpenses": 1152000000,
    "otherExpenses": -144000000,
    "operatingExpenses": 2351000000,
    "costAndExpenses": 8311000000,
    "interestIncome": 0,
    "interestExpense": 161000000,
    "depreciationAndAmortization": 1106000000,
    "ebitda": 3427000000,
    "ebitdaratio": 0.3180215293,
    "operatingIncome": 2321000000,
    "operatingIncomeRatio": 0.2153860431,
    "totalOtherIncomeExpensesNet": -161000000,
    "incomeBeforeTax": 2160000000,
    "incomeBeforeTaxRatio": 0.2004454343,
    "incomeTaxExpense": 612000000,
    "netIncome": 1547000000,
    "netIncomeRatio": 0.1435597624,
    "eps": 5.39,
    "epsdiluted": 5.35,
    "weightedAverageShsOut": 287005000,
    "weightedAverageShsOutDil": 289055000,
    "link": "",
    "finalLink": ""
  }
]