[
  {
    "date": "2025-02-02",
    "symbol": "HD",
    "reportedCurrency": "USD",
    "cik": "0000354950",
    "fillingDate": "2025-03-21",
    "acceptedDate": "2025-03-20 18:36:42",
    "calendarYear": "2024",
    "period": "Q4",
    "revenue": 39704000000,
    "costOfRevenue": 26670000000,
    "grossProfit": 13034000000,
    "grossProfitRatio": 0.3282792666,
    "researchAndDevelopmentExpenses": 0,
    "generalAndAdministrativeExpenses": 0,
    "sellingAndMarketingExpenses": 0,
    "sellingGeneralAndAdministrativeExpenses": 7725000000,
    "otherExpenses": 814000000,
    "operatingExpenses": 8539000000,
    "costAndExpenses": 35209000000,
    "interestIncome": 30000000,
    "interestExpense": 638000000,
    "depreciationAndAmortization": 814000000,
    "ebitda": 5339000000,
    "ebitdaratio": 0.1344700786,
    "operatingIncome": 4495000000,
    "operatingIncomeRatio": 0.1132127745,
    "totalOtherIncomeExpensesNet": -608000000,
    "incomeBeforeTax": 3887000000,
    "incomeBeforeTaxRatio": 0.097899456,
    "incomeTaxExpense": 890000000,
    "netIncome": 2997000000,
    "netIncomeRatio": 0.0754835785,
    "eps": 3.02,
    "epsdiluted": 3.02,
    "weightedAverageShsOut": 991000000,
    "weightedAverageShsOutDil": 994000000,
    "link": "https://www.sec.gov/Archives/edgar/data/354950/000035495025000085/0000354950-25-000085-index.htm",
    "finalLink": "https://www.sec.gov/Archives/edgar/data/354950/000035495025000085/hd-20250202.htm"
  },
  {
    "date": "2024-10-27",
    "symbol": "HD",
    "reportedCurrency": "USD",
    "cik": "0000354950",
    "fillingDate": "2024-11-19",
    "acceptedDate": "2024-11-18 18:28:53",
    "calendarYear": "2024",
    "period": "Q3",
    "revenue": 40217000000,
    "costOfRevenue": 26792000000,
    "grossProfit": 13425000000,
    "grossProfitRatio": 0.3338140587,
    "researchAndDevelopmentExpenses": 0,
    "generalAndAdministrativeExpenses": 0,
    "sellingAndMarketingExpenses": 0,
    "sellingGeneralAndAdministrativeExpenses": 7212000000,
    "otherExpenses": 795000000,
    "operatingExpenses": 8007000000,
    "costAndExpenses": 34799000000,
    "interestIncome": 30000000,
    "interestExpense": 625000000,
    "depreciationAndAmortization": 795000000,
    "ebitda": 6243000000,
    "ebitdaratio": 0.1552328617,
    "operatingIncome": 5418000000,
    "operatingIncomeRatio": 0.1347191486,
    "totalOtherIncomeExpensesNet": -595000000,
    "incomeBeforeTax": 4823000000,
    "incomeBeforeTaxRatio": 0.1199244101,
    "incomeTaxExpense": 1175000000,
    "netIncome": 3648000000,
    "netIncomeRatio": 0.0907079096,
    "eps": 3.68,
    "epsdiluted": 3.67,
    "weightedAverageShsOut": 991000000,
    "weightedAverageShsOutDil": 993000000,
    "link": "https://www.sec.gov/Archives/edgar/data/354950/000035495024000240/0000354950-24-000240-index.htm",
    "finalLink": "https://www.sec.gov/Archives/edgar/data/354950/000035495024000240/hd-20241027.htm"
  },
  {
    "date": "2024-07-28",
    "symbol": "HD",
    "reportedCurrency": "USD",
    "cik": "0000354950",
    "fillingDate": "2024-08-20",
    "acceptedDate": "2024-08-19 17:50:05",
    "calendarYear": "2024",
    "period": "Q2",
    "revenue": 43175000000,
    "costOfRevenue": 28759000000,
    "grossProfit": 14416000000,
    "grossProfitRatio": 0.3338969311,
    "researchAndDevelopmentExpenses": 0,
    "generalAndAdministrativeExpenses": 0,
    "sellingAndMarketingExpenses": 0,
    "sellingGeneralAndAdministrativeExpenses": 7144000000,
    "otherExpenses": 738000000,
    "operatingExpenses": 7882000000,
    "costAndExpenses": 36641000000,
    "interestIncome": 84000000,
    "interestExpense": 573000000,
    "depreciationAndAmortization": 920000000,
    "ebitda": 7454000000,
    "ebitdaratio": 0.1726462073,
    "operatingIncome": 6534000000,
    "operatingIncomeRatio": 0.1513375796,
    "totalOtherIncomeExpensesNet": -489000000,
    "incomeBeforeTax": 6045000000,
    "incomeBeforeTaxRatio": 0.1400115808,
    "incomeTaxExpense": 1484000000,
    "netIncome": 4561000000,
    "netIncomeRatio": 0.1056398379,
    "eps": 4.61,
    "epsdiluted": 4.6,
    "weightedAverageShsOut": 990000000,
    "weightedAverageShsOutDil": 992000000,
    "link": "https://www.sec.gov/Archives/edgar/data/354950/000035495024000201/0000354950-24-000201-index.htm",
    "finalLink": "https://www.sec.gov/Archives/edgar/data/354950/000035495024000201/hd-20240728.htm"
  },
  {
    "date": "2024-04-28",
    "symbol": "HD",
    "reportedCurrency": "USD",
    "cik": "0000354950",
    "fillingDate": "2024-05-21",
    "acceptedDate": "2024-05-20 18:05:58",
    "calendarYear": "2024",
    "period": "Q1",
    "revenue": 36418000000,
    "costOfRevenue": 24672000000,
    "grossProfit": 11746000000,
    "grossProfitRatio": 0.3225328134,
    "researchAndDevelopmentExpenses": 0,
    "generalAndAdministrativeExpenses": 0,
    "sellingAndMarketingExpenses": 0,
    "sellingGeneralAndAdministrativeExpenses": 6667000000,
    "otherExpenses": 687000000,
    "operatingExpenses": 6667000000,
    "costAndExpenses": 31339000000,
    "interestIncome": 57000000,
    "interestExpense": 485000000,
    "depreciationAndAmortization": 837000000,
    "ebitda": 5916000000,
    "ebitdaratio": 0.1624471415,
    "operatingIncome": 5079000000,
    "operatingIncomeRatio": 0.1394640013,
    "totalOtherIncomeExpensesNet": -428000000,
    "incomeBeforeTax": 4651000000,
    "incomeBeforeTaxRatio": 0.1277115712,
    "incomeTaxExpense": 1051000000,
    "netIncome": 3600000000,
    "netIncomeRatio": 0.0988522159,
    "eps": 3.64,
    "epsdiluted": 3.63,
    "weightedAverageShsOut": 989000000,
    "weightedAverageShsOutDil": 992000000,
    "link": "https://www.sec.gov/Archives/edgar/data/354950/000035495024000152/0000354950-24-000152-index.htm",
    "finalLink": "https://www.sec.gov/Archives/edgar/data/354950/000035495024000152/hd-20240428.htm"
  },
  {
    "date": "2024-01-28",
    "symbol": "HD",
    "reportedCurrency": "USD",
    "cik": "0000354950",
    "fillingDate": "2024-03-13",
    "acceptedDate": "2024-03-13 16:31:59",
    "calendarYear": "2023",
    "period": "Q4",
    "revenue": 34786000000,
    "costOfRevenue": 23278000000,
    "grossProfit": 11508000000,
    "grossProfitRatio": 0.3308227448,
    "researchAndDevelopmentExpenses": 0,
    "generalAndAdministrativeExpenses": 5579000000,
    "sellingAndMarketingExpenses": 1100000000,
    "sellingGeneralAndAdministrativeExpenses": 6679000000,
    "otherExpenses": 686000000,
    "operatingExpenses": 7365000000,
    "costAndExpenses": 30643000000,
    "interestIncome": 55000000,
    "interestExpense": 513000000,
    "depreciationAndAmortization": 832000000,
    "ebitda": 4975000000,
    "ebitdaratio": 0.1430173058,
    "operatingIncome": 4143000000,
    "operatingIncomeRatio": 0.1190996378,
    "totalOtherIncomeExpensesNet": -458000000,
    "incomeBeforeTax": 3685000000,
    "incomeBeforeTaxRatio": 0.1059334215,
    "incomeTaxExpense": 884000000,
    "netIncome": 2801000000,
    "netIncomeRatio": 0.0805208992,
    "eps": 2.83,
    "epsdiluted": 2.82,
    "weightedAverageShsOut": 991000000,
    "weightedAverageShsOutDil": 994000000,
    "link": "https://www.sec.gov/Archives/edgar/data/354950/000035495024000062/0000354950-24-000062-index.htm",
    "finalLink": "https://www.sec.gov/Archives/edgar/data/354950/000035495024000062/hd-20240128.htm"
  },
  {
    "date": "2023-10-29",
    "symbol": "HD",
    "reportedCurrency": "USD",
    "cik": "0000354950",
    "fillingDate": "2023-11-21",
    "acceptedDate": "2023-11-20 17:41:31",
    "calendarYear": "2023",
    "period": "Q3",
    "revenue": 37710000000,
    "costOfRevenue": 24972000000,
    "grossProfit": 12738000000,
    "grossProfitRatio": 0.337788385,
    "researchAndDevelopmentExpenses": 0,
    "generalAndAdministrativeExpenses": 0,
    "sellingAndMarketingExpenses": 0,
    "sellingGeneralAndAdministrativeExpenses": 6649000000,
    "otherExpenses": 683000000,
    "operatingExpenses": 7332000000,
    "costAndExpenses": 32304000000,
    "interestIncome": 49000000,
    "interestExpense": 487000000,
    "depreciationAndAmortization": 827000000,
    "ebitda": 6282000000,
    "ebitdaratio": 0.1665871122,
    "operatingIncome": 5406000000,
    "operatingIncomeRatio": 0.1433571997,
    "totalOtherIncomeExpensesNet": -438000000,
    "incomeBeforeTax": 4968000000,
    "incomeBeforeTaxRatio": 0.1317422434,
    "incomeTaxExpense": 1158000000,
    "netIncome": 3810000000,
    "netIncomeRatio": 0.1010342084,
    "eps": 3.83,
    "epsdiluted": 3.81,
    "weightedAverageShsOut": 996000000,
    "weightedAverageShsOutDil": 999000000,
    "link": "https://www.sec.gov/Archives/edgar/data/354950/000035495023000240/0000354950-23-000240-index.htm",
    "finalLink": "https://www.sec.gov/Archives/edgar/data/354950/000035495023000240/hd-20231029.htm"
  },
  {
    "date": "2023-07-30",
    "symbol": "HD",
    "reportedCurrency": "USD",
    "cik": "0000354950",
    "fillingDate": "2023-08-22",
    "acceptedDate": "2023-08-21 17:46:19",
    "calendarYear": "2023",
    "period": "Q2",
    "revenue": 42916000000,
    "costOfRevenue": 28759000000,
    "grossProfit": 14157000000,
    "grossProfitRatio": 0.329876969,
    "researchAndDevelopmentExpenses": 0,
    "generalAndAdministrativeExpenses": 0,
    "sellingAndMarketingExpenses": 0,
    "sellingGeneralAndAdministrativeExpenses": 6915000000,
    "otherExpenses": 653000000,
    "operatingExpenses": 7568000000,
    "costAndExpenses": 36327000000,
    "interestIncome": 41000000,
    "interestExpense": 469000000,
    "depreciationAndAmortization": 795000000,
    "ebitda": 7425000000,
    "ebitdaratio": 0.1730123963,
    "operatingIncome": 6589000000,
    "operatingIncomeRatio": 0.1535324821,
    "totalOtherIncomeExpensesNet": -428000000,
    "incomeBeforeTax": 6161000000,
    "incomeBeforeTaxRatio": 0.1435595116,
    "incomeTaxExpense": 1502000000,
    "netIncome": 4659000000,
    "netIncomeRatio": 0.1085609097,
    "eps": 4.66,
    "epsdiluted": 4.65,
    "weightedAverageShsOut": 1000000000,
    "weightedAverageShsOutDil": 1003000000,
    "link": "https://www.sec.gov/Archives/edgar/data/354950/000035495023000185/0000354950-23-000185-index.htm",
    "finalLink": "https://www.sec.gov/Archives/edgar/data/354950/000035495023000185/hd-20230730.htm"
  },
  {
    "date": "2023-04-30",
    "symbol": "HD",
    "reportedCurrency": "USD",
    "cik": "0000354950",
    "fillingDate": "2023-05-23",
    "acceptedDate": "2023-05-22 17:42:46",
    "calendarYear": "2023",
    "period": "Q1",
    "revenue": 37257000000,
    "costOfRevenue": 24700000000,
    "grossProfit": 12557000000,
    "grossProfitRatio": 0.3370373353,
    "researchAndDevelopmentExpenses": 0,
    "generalAndAdministrativeExpenses": 0,
    "sellingAndMarketingExpenses": 0,
    "sellingGeneralAndAdministrativeExpenses": 6355000000,
    "otherExpenses": 651000000,
    "operatingExpenses": 7006000000,
    "costAndExpenses": 31706000000,
    "interestIncome": 33000000,
    "interestExpense": 474000000,
    "depreciationAndAmortization": 793000000,
    "ebitda": 6377000000,
    "ebitdaratio": 0.1711624661,
    "operatingIncome": 5551000000,
    "operatingIncomeRatio": 0.1489921357,
    "totalOtherIncomeExpensesNet": -441000000,
    "incomeBeforeTax": 5110000000,
    "incomeBeforeTaxRatio": 0.1371554339,
    "incomeTaxExpense": 1237000000,
    "netIncome": 3873000000,
    "netIncomeRatio": 0.1039536195,
    "eps": 3.83,
    "epsdiluted": 3.82,
    "weightedAverageShsOut": 1010000000,
    "weightedAverageShsOutDil": 1013000000,
    "link": "https://www.sec.gov/Archives/edgar/data/354950/000035495023000144/0000354950-23-000144-index.htm",
    "finalLink": "https://www.sec.gov/Archives/edgar/data/354950/000035495023000144/hd-20230430.htm"
  },
  {
    "date": "2023-01-29",
    "symbol": "HD",
    "reportedCurrency": "USD",
    "cik": "0000354950",
    "fillingDate": "2023-03-15",
    "acceptedDate": "2023-03-15 16:22:15",
    "calendarYear": "2022",
    "period": "Q4",
    "revenue": 35831000000,
    "costOfRevenue": 23905000000,
    "grossProfit": 11926000000,
    "grossProfitRatio": 0.332840278,
    "researchAndDevelopmentExpenses": 0,
    "generalAndAdministrativeExpenses": 0,
    "sellingAndMarketingExpenses": 0,
    "sellingGeneralAndAdministrativeExpenses": 6549000000,
    "otherExpenses": 625000000,
    "operatingExpenses": 7174000000,
    "costAndExpenses": 31079000000,
    "interestIncome": 43000000,
    "interestExpense": 451000000,
    "depreciationAndAmortization": 759000000,
    "ebitda": 5554000000,
    "ebitdaratio": 0.1550054422,
    "operatingIncome": 4752000000,
    "operatingIncomeRatio": 0.1326225894,
    "totalOtherIncomeExpensesNet": -408000000,
    "incomeBeforeTax": 4344000000,
    "incomeBeforeTaxRatio": 0.1212358014,
    "incomeTaxExpense": 982000000,
    "netIncome": 3362000000,
    "netIncomeRatio": 0.0938293656,
    "eps": 3.31,
    "epsdiluted": 3.3,
    "weightedAverageShsOut": 1015000000,
    "weightedAverageShsOutDil": 1018000000,
    "link": "https://www.sec.gov/Archives/edgar/data/354950/000035495023000059/0000354950-23-000059-index.htm",
    "finalLink": "https://www.sec.gov/Archives/edgar/data/354950/000035495023000059/hd-20230129.htm"
  },
  {
    "date": "2022-10-30",
    "symbol": "HD",
    "reportedCurrency": "USD",
    "cik": "0000354950",
    "fillingDate": "2022-11-22",
    "acceptedDate": "2022-11-21 17:47:45",
    "calendarYear": "2022",
    "period": "Q3",
    "revenue": 38872000000,
    "costOfRevenue": 25648000000,
    "grossProfit": 13224000000,
    "grossProfitRatio": 0.3401934554,
    "researchAndDevelopmentExpenses": 0,
    "generalAndAdministrativeExpenses": 0,
    "sellingAndMarketingExpenses": 0,
    "sellingGeneralAndAdministrativeExpenses": 6468000000,
    "otherExpenses": 608000000,
    "operatingExpenses": 7076000000,
    "costAndExpenses": 32724000000,
    "interestIncome": 7000000,
    "interestExpense": 413000000,
    "depreciationAndAmortization": 743000000,
    "ebitda": 6898000000,
    "ebitdaratio": 0.1774542087,
    "operatingIncome": 6148000000,
    "operatingIncomeRatio": 0.1581601153,
    "totalOtherIncomeExpensesNet": -406000000,
    "incomeBeforeTax": 5742000000,
    "incomeBeforeTaxRatio": 0.1477155793,
    "incomeTaxExpense": 1403000000,
    "netIncome": 4339000000,
    "netIncomeRatio": 0.1116227619,
    "eps": 4.25,
    "epsdiluted": 4.24,
    "weightedAverageShsOut": 1020000000,
    "weightedAverageShsOutDil": 1023000000,
    "link": "https://www.sec.gov/Archives/edgar/data/354950/000035495022000239/0000354950-22-000239-index.htm",
    "finalLink": "https://www.sec.gov/Archives/edgar/data/354950/000035495022000239/hd-20221030.htm"
  },
  {
    "date": "2022-07-31",
    "symbol": "HD",
    "reportedCurrency": "USD",
    "cik": "0000354950",
    "fillingDate": "2022-08-23",
    "acceptedDate": "2022-08-22 17:50:39",
    "calendarYear": "2022",
    "period": "Q2",
    "revenue": 43792000000,
    "costOfRevenue": 29309000000,
    "grossProfit": 14483000000,
    "grossProfitRatio": 0.3307225064,
    "researchAndDevelopmentExpenses": 0,
    "generalAndAdministrativeExpenses": 0,
    "sellingAndMarketingExpenses": 0,
    "sellingGeneralAndAdministrativeExpenses": 6657000000,
    "otherExpenses": 616000000,
    "operatingExpenses": 7273000000,
    "costAndExpenses": 36582000000,
    "interestIncome": 2000000,
    "interestExpense": 381000000,
    "depreciationAndAmortization": 746000000,
    "ebitda": 7958000000,
    "ebitdaratio": 0.1817226891,
    "operatingIncome": 7210000000,
    "operatingIncomeRatio": 0.1646419437,
    "totalOtherIncomeExpensesNet": -379000000,
    "incomeBeforeTax": 6831000000,
    "incomeBeforeTaxRatio": 0.155987395,
    "incomeTaxExpense": 1658000000,
    "netIncome": 5173000000,
    "netIncomeRatio": 0.1181265985,
    "eps": 5.06,
    "epsdiluted": 5.05,
    "weightedAverageShsOut": 1023000000,
    "weightedAverageShsOutDil": 1025000000,
    "link": "https://www.sec.gov/Archives/edgar/data/354950/000035495022000193/0000354950-22-000193-index.htm",
    "finalLink": "https://www.sec.gov/Archives/edgar/data/354950/000035495022000193/hd-20220731.htm"
  },
  {
    "date": "2022-05-01",
    "symbol": "HD",
    "reportedCurrency": "USD",
    "cik": "0000354950",
    "fillingDate": "2022-05-24",
    "acceptedDate": "2022-05-23 17:52:20",
    "calendarYear": "2022",
    "period": "Q1",
    "revenue": 38908000000,
    "costOfRevenue": 25763000000,
    "grossProfit": 13145000000,
    "grossProfitRatio": 0.3378482574,
    "researchAndDevelopmentExpenses": 0,
    "generalAndAdministrativeExpenses": 0,
    "sellingAndMarketingExpenses": 0,
    "sellingGeneralAndAdministrativeExpenses": 6610000000,
    "otherExpenses": 606000000,
    "operatingExpenses": 7216000000,
    "costAndExpenses": 32979000000,
    "interestIncome": 3000000,
    "interestExpense": 372000000,
    "depreciationAndAmortization": 727000000,
    "ebitda": 6659000000,
    "ebitdaratio": 0.1711473219,
    "operatingIncome": 5929000000,
    "operatingIncomeRatio": 0.1523851136,
    "totalOtherIncomeExpensesNet": -369000000,
    "incomeBeforeTax": 5560000000,
    "incomeBeforeTaxRatio": 0.1429012028,
    "incomeTaxExpense": 1329000000,
    "netIncome": 4231000000,
    "netIncomeRatio": 0.1087437031,
    "eps": 4.11,
    "epsdiluted": 4.09,
    "weightedAverageShsOut": 1030000000,
    "weightedAverageShsOutDil": 1034000000,
    "link": "https://www.sec.gov/Archives/edgar/data/354950/000035495022000158/0000354950-22-000158-index.htm",
    "finalLink": "https://www.sec.gov/Archives/edgar/data/354950/000035495022000158/hd-20220501.htm"
  },
  {
    "date": "2022-01-30",
    "symbol": "HD",
    "reportedCurrency": "USD",
    "cik": "0000354950",
    "fillingDate": "2022-03-23",
    "acceptedDate": "2022-03-23 16:25:53",
    "calendarYear": "2021",
    "period": "Q4",
    "revenue": 35719000000,
    "costOfRevenue": 23857000000,
    "grossProfit": 11862000000,
    "grossProfitRatio": 0.3320921638,
    "researchAndDevelopmentExpenses": 0,
    "generalAndAdministrativeExpenses": 5387000000,
    "sellingAndMarketingExpenses": 1044000000,
    "sellingGeneralAndAdministrativeExpenses": 6431000000,
    "otherExpenses": 606000000,
    "operatingExpenses": 7037000000,
    "costAndExpenses": 30894000000,
    "interestIncome": 18000000,
    "interestExpense": 341000000,
    "depreciationAndAmortization": 734000000,
    "ebitda": 5577000000,
    "ebitdaratio": 0.1561353901,
    "operatingIncome": 4825000000,
    "operatingIncomeRatio": 0.1350821692,
    "totalOtherIncomeExpensesNet": -323000000,
    "incomeBeforeTax": 4502000000,
    "incomeBeforeTaxRatio": 0.1260393628,
    "incomeTaxExpense": 1150000000,
    "netIncome": 3352000000,
    "netIncomeRatio": 0.0938436126,
    "eps": 3.23,
    "epsdiluted": 3.21,
    "weightedAverageShsOut": 1038000000,
    "weightedAverageShsOutDil": 1043000000,
    "link": "https://www.sec.gov/Archives/edgar/data/354950/000035495022000070/0000354950-22-000070-index.htm",
    "finalLink": "https://www.sec.gov/Archives/edgar/data/354950/000035495022000070/hd-20220130.htm"
  },
  {
    "date": "2021-10-31",
    "symbol": "HD",
    "reportedCurrency": "USD",
    "cik": "0000354950",
    "fillingDate": "2021-11-23",
    "acceptedDate": "2021-11-22 17:44:32",
    "calendarYear": "2021",
    "period": "Q3",
    "revenue": 36820000000,
    "costOfRevenue": 24257000000,
    "grossProfit": 12563000000,
    "grossProfitRatio": 0.3412004345,
    "researchAndDevelopmentExpenses": 0,
    "generalAndAdministrativeExpenses": 0,
    "sellingAndMarketingExpenses": 0,
    "sellingGeneralAndAdministrativeExpenses": 6168000000,
    "otherExpenses": 600000000,
    "operatingExpenses": 6768000000,
    "costAndExpenses": 31025000000,
    "interestIncome": 15000000,
    "interestExpense": 341000000,
    "depreciationAndAmortization": 714000000,
    "ebitda": 6524000000,
    "ebitdaratio": 0.1771863118,
    "operatingIncome": 5795000000,
    "operatingIncomeRatio": 0.1573872895,
    "totalOtherIncomeExpensesNet": -326000000,
    "incomeBeforeTax": 5469000000,
    "incomeBeforeTaxRatio": 0.1485334058,
    "incomeTaxExpense": 1340000000,
    "netIncome": 4129000000,
    "netIncomeRatio": 0.1121401412,
    "eps": 3.94,
    "epsdiluted": 3.92,
    "weightedAverageShsOut": 1049000000,
    "weightedAverageShsOutDil": 1053000000,
    "link": "https://www.sec.gov/Archives/edgar/data/354950/000035495021000234/0000354950-21-000234-index.htm",
    "finalLink": "https://www.sec.gov/Archives/edgar/data/354950/000035495021000234/hd-20211031.htm"
  },
  {
    "date": "2021-08-01",
    "symbol": "HD",
    "reportedCurrency": "USD",
    "cik": "0000354950",
    "fillingDate": "2021-08-24",
    "acceptedDate": "2021-08-23 17:47:11",
    "calendarYear": "2021",
    "period": "Q2",
    "revenue": 41118000000,
    "costOfRevenue": 27453000000,
    "grossProfit": 13665000000,
    "grossProfitRatio": 0.3323362031,
    "researchAndDevelopmentExpenses": 0,
    "generalAndAdministrativeExpenses": 0,
    "sellingAndMarketingExpenses": 0,
    "sellingGeneralAndAdministrativeExpenses": 6433000000,
    "otherExpenses": 593000000,
    "operatingExpenses": 7026000000,
    "costAndExpenses": 34479000000,
    "interestIncome": 5000000,
    "interestExpense": 326000000,
    "depreciationAndAmortization": 711000000,
    "ebitda": 7355000000,
    "ebitdaratio": 0.1788754317,
    "operatingIncome": 6639000000,
    "operatingIncomeRatio": 0.1614621334,
    "totalOtherIncomeExpensesNet": -321000000,
    "incomeBeforeTax": 6318000000,
    "incomeBeforeTaxRatio": 0.1536553334,
    "incomeTaxExpense": 1511000000,
    "netIncome": 4807000000,
    "netIncomeRatio": 0.1169074371,
    "eps": 4.54,
    "epsdiluted": 4.53,
    "weightedAverageShsOut": 1058000000,
    "weightedAverageShsOutDil": 1062000000,
    "link": "https://www.sec.gov/Archives/edgar/data/354950/000035495021000189/0000354950-21-000189-index.htm",
    "finalLink": "https://www.sec.gov/Archives/edgar/data/354950/000035495021000189/hd-20210801.htm"
  },
  {
    "date": "2021-05-02",
    "symbol": "HD",
    "reportedCurrency": "USD",
    "cik": "0000354950",
    "fillingDate": "2021-05-25",
    "acceptedDate": "2021-05-24 17:55:43",
    "calendarYear": "2021",
    "period": "Q1",
    "revenue": 37500000000,
    "costOfRevenue": 24758000000,
    "grossProfit": 12742000000,
    "grossProfitRatio": 0.3397866667,
    "researchAndDevelopmentExpenses": 0,
    "generalAndAdministrativeExpenses": 0,
    "sellingAndMarketingExpenses": 0,
    "sellingGeneralAndAdministrativeExpenses": 6374000000,
    "otherExpenses": 587000000,
    "operatingExpenses": 6961000000,
    "costAndExpenses": 31719000000,
    "interestIncome": 6000000,
    "interestExpense": 339000000,
    "depreciationAndAmortization": 703000000,
    "ebitda": 6490000000,
    "ebitdaratio": 0.1730666667,
    "operatingIncome": 5781000000,
    "operatingIncomeRatio": 0.15416,
    "totalOtherIncomeExpensesNet": -333000000,
    "incomeBeforeTax": 5448000000,
    "incomeBeforeTaxRatio": 0.14528,
    "incomeTaxExpense": 1303000000,
    "netIncome": 4145000000,
    "netIncomeRatio": 0.1105333333,
    "eps": 3.87,
    "epsdiluted": 3.86,
    "weightedAverageShsOut": 1071000000,
    "weightedAverageShsOutDil": 1075000000,
    "link": "https://www.sec.gov/Archives/edgar/data/354950/000035495021000147/0000354950-21-000147-index.htm",
    "finalLink": "https://www.sec.gov/Archives/edgar/data/354950/000035495021000147/hd-20210502.htm"
  },
  {
    "date": "2021-01-31",
    "symbol": "HD",
    "reportedCurrency": "USD",
    "cik": "0000354950",
    "fillingDate": "2021-03-24",
    "acceptedDate": "2021-03-24 16:46:14",
    "calendarYear": "2020",
    "period": "Q4",
    "revenue": 32261000000,
    "costOfRevenue": 21430000000,
    "grossProfit": 10831000000,
    "grossProfitRatio": 0.3357304485,
    "researchAndDevelopmentExpenses": 0,
    "generalAndAdministrativeExpenses": 5278000000,
    "sellingAndMarketingExpenses": 909000000,
    "sellingGeneralAndAdministrativeExpenses": 6187000000,
    "otherExpenses": 561000000,
    "operatingExpenses": 6748000000,
    "costAndExpenses": 28178000000,
    "interestIncome": 10000000,
    "interestExpense": 337000000,
    "depreciationAndAmortization": 666000000,
    "ebitda": 4759000000,
    "ebitdaratio": 0.1475155761,
    "operatingIncome": 4083000000,
    "operatingIncomeRatio": 0.1265614829,
    "totalOtherIncomeExpensesNet": -327000000,
    "incomeBeforeTax": 3756000000,
    "incomeBeforeTaxRatio": 0.1164254053,
    "incomeTaxExpense": 899000000,
    "netIncome": 2857000000,
    "netIncomeRatio": 0.0885589411,
    "eps": 2.66,
    "epsdiluted": 2.65,
    "weightedAverageShsOut": 1074000000,
    "weightedAverageShsOutDil": 1078000000,
    "link": "https://www.sec.gov/Archives/edgar/data/354950/000035495021000089/0000354950-21-000089-index.htm",
    "finalLink": "https://www.sec.gov/Archives/edgar/data/354950/000035495021000089/hd-20210131.htm"
  },
  {
    "date": "2020-11-01",
    "symbol": "HD",
    "reportedCurrency": "USD",
    "cik": "0000354950",
    "fillingDate": "2020-11-24",
    "acceptedDate": "2020-11-23 18:13:22",
    "calendarYear": "2020",
    "period": "Q3",
    "revenue": 33536000000,
    "costOfRevenue": 22080000000,
    "grossProfit": 11456000000,
    "grossProfitRatio": 0.3416030534,
    "researchAndDevelopmentExpenses": 0,
    "generalAndAdministrativeExpenses": 0,
    "sellingAndMarketingExpenses": 0,
    "sellingGeneralAndAdministrativeExpenses": 6076000000,
    "otherExpenses": 528000000,
    "operatingExpenses": 6604000000,
    "costAndExpenses": 28684000000,
    "interestIncome": 11000000,
    "interestExpense": 340000000,
    "depreciationAndAmortization": 631000000,
    "ebitda": 5494000000,
    "ebitdaratio": 0.1638239504,
    "operatingIncome": 4852000000,
    "operatingIncomeRatio": 0.1446803435,
    "totalOtherIncomeExpensesNet": -329000000,
    "incomeBeforeTax": 4523000000,
    "incomeBeforeTaxRatio": 0.1348699905,
    "incomeTaxExpense": 1091000000,
    "netIncome": 3432000000,
    "netIncomeRatio": 0.1023377863,
    "eps": 3.2,
    "epsdiluted": 3.18,
    "weightedAverageShsOut": 1073000000,
    "weightedAverageShsOutDil": 1078000000,
    "link": "https://www.sec.gov/Archives/edgar/data/354950/000035495020000103/0000354950-20-000103-index.htm",
    "finalLink": "https://www.sec.gov/Archives/edgar/data/354950/000035495020000103/hd-20201101.htm"
  },
  {
    "date": "2020-08-02",
    "symbol": "HD",
    "reportedCurrency": "USD",
    "cik": "0000354950",
    "fillingDate": "2020-08-25",
    "acceptedDate": "2020-08-24 18:14:05",
    "calendarYear": "2020",
    "period": "Q2",
    "revenue": 38053000000,
    "costOfRevenue": 25112000000,
    "grossProfit": 12941000000,
    "grossProfitRatio": 0.3400783118,
    "researchAndDevelopmentExpenses": 0,
    "generalAndAdministrativeExpenses": 0,
    "sellingAndMarketingExpenses": 0,
    "sellingGeneralAndAdministrativeExpenses": 6355000000,
    "otherExpenses": 519000000,
    "operatingExpenses": 6874000000,
    "costAndExpenses": 31986000000,
    "interestIncome": 9000000,
    "interestExpense": 346000000,
    "depreciationAndAmortization": 615000000,
    "ebitda": 6691000000,
    "ebitdaratio": 0.1758337056,
    "operatingIncome": 6067000000,
    "operatingIncomeRatio": 0.1594355241,
    "totalOtherIncomeExpensesNet": -337000000,
    "incomeBeforeTax": 5730000000,
    "incomeBeforeTaxRatio": 0.150579455,
    "incomeTaxExpense": 1398000000,
    "netIncome": 4332000000,
    "netIncomeRatio": 0.1138412215,
    "eps": 4.04,
    "epsdiluted": 4.02,
    "weightedAverageShsOut": 1073000000,
    "weightedAverageShsOutDil": 1077000000,
    "link": "https://www.sec.gov/Archives/edgar/data/354950/000035495020000068/0000354950-20-000068-index.htm",
    "finalLink": "https://www.sec.gov/Archives/edgar/data/354950/000035495020000068/hd-20200802.htm"
  },
  {
    "date": "2020-05-03",
    "symbol": "HD",
    "reportedCurrency": "USD",
    "cik": "0000354950",
    "fillingDate": "2020-05-27",
    "acceptedDate": "2020-05-26 19:59:23",
    "calendarYear": "2020",
    "period": "Q1",
    "revenue": 28260000000,
    "costOfRevenue": 18635000000,
    "grossProfit": 9625000000,
    "grossProfitRatio": 0.3405874027,
    "researchAndDevelopmentExpenses": 0,
    "generalAndAdministrativeExpenses": 0,
    "sellingAndMarketingExpenses": 0,
    "sellingGeneralAndAdministrativeExpenses": 5829000000,
    "otherExpenses": 520000000,
    "operatingExpenses": 6349000000,
    "costAndExpenses": 24984000000,
    "interestIncome": 17000000,
    "interestExpense": 324000000,
    "depreciationAndAmortization": 607000000,
    "ebitda": 3900000000,
    "ebitdaratio": 0.1380042463,
    "operatingIncome": 3276000000,
    "operatingIncomeRatio": 0.1159235669,
    "totalOtherIncomeExpensesNet": -307000000,
    "incomeBeforeTax": 2969000000,
    "incomeBeforeTaxRatio": 0.1050601557,
    "incomeTaxExpense": 724000000,
    "netIncome": 2245000000,
    "netIncomeRatio": 0.0794409059,
    "eps": 2.09,
    "epsdiluted": 2.08,
    "weightedAverageShsOut": 1073000000,
    "weightedAverageShsOutDil": 1077000000,
    "link": "https://www.sec.gov/Archives/edgar/data/354950/000035495020000041/0000354950-20-000041-index.htm",
    "finalLink": "https://www.sec.gov/Archives/edgar/data/354950/000035495020000041/hd-20200503.htm"
  }
]