[
  {
    "date": "2025-02-02",
    "symbol": "HD",
    "reportedCurrency": "USD",
    "cik": "0000354950",
    "fillingDate": "2025-03-21",
    "acceptedDate": "2025-03-20 18:36:42",
    "calendarYear": "2024",
    "period": "FY",
    "revenue": 159514000000,
    "costOfRevenue": 106206000000,
    "grossProfit": 53308000000,
    "grossProfitRatio": 0.3341901024,
    "researchAndDevelopmentExpenses": 0,
    "generalAndAdministrativeExpenses": 0,
    "sellingAndMarketingExpenses": 0,
    "sellingGeneralAndAdministrativeExpenses": 28748000000,
    "otherExpenses": 3034000000,
    "operatingExpenses": 31782000000,
    "costAndExpenses": 137988000000,
    "interestIncome": 201000000,
    "interestExpense": 2321000000,
    "depreciationAndAmortization": 3761000000,
    "ebitda": 25488000000,
    "ebitdaratio": 0.159785348,
    "operatingIncome": 21526000000,
    "operatingIncomeRatio": 0.1349474027,
    "totalOtherIncomeExpensesNet": -2120000000,
    "incomeBeforeTax": 19406000000,
    "incomeBeforeTaxRatio": 0.1216570332,
    "incomeTaxExpense": 4600000000,
    "netIncome": 14806000000,
    "netIncomeRatio": 0.092819439,
    "eps": 14.96,
    "epsdiluted": 14.91,
    "weightedAverageShsOut": 990000000,
    "weightedAverageShsOutDil": 993000000,
    "link": "https://www.sec.gov/Archives/edgar/data/354950/000035495025000085/0000354950-25-000085-index.htm",
    "finalLink": "https://www.sec.gov/Archives/edgar/data/354950/000035495025000085/hd-20250202.htm"
  },
  {
    "date": "2024-01-28",
    "symbol": "HD",
    "reportedCurrency": "USD",
    "cik": "0000354950",
    "fillingDate": "2024-03-13",
    "acceptedDate": "2024-03-13 16:31:59",
    "calendarYear": "2023",
    "period": "FY",
    "revenue": 152669000000,
    "costOfRevenue": 101709000000,
    "grossProfit": 50960000000,
    "grossProfitRatio": 0.333794025,
    "researchAndDevelopmentExpenses": 0,
    "generalAndAdministrativeExpenses": 25498000000,
    "sellingAndMarketingExpenses": 1100000000,
    "sellingGeneralAndAdministrativeExpenses": 26598000000,
    "otherExpenses": 2673000000,
    "operatingExpenses": 29271000000,
    "costAndExpenses": 130980000000,
    "interestIncome": 178000000,
    "interestExpense": 1943000000,
    "depreciationAndAmortization": 3247000000,
    "ebitda": 24936000000,
    "ebitdaratio": 0.1633337482,
    "operatingIncome": 21689000000,
    "operatingIncomeRatio": 0.1420655143,
    "totalOtherIncomeExpensesNet": -1765000000,
    "incomeBeforeTax": 19924000000,
    "incomeBeforeTaxRatio": 0.1305045556,
    "incomeTaxExpense": 4781000000,
    "netIncome": 15143000000,
    "netIncomeRatio": 0.0991884404,
    "eps": 15.16,
    "epsdiluted": 15.11,
    "weightedAverageShsOut": 999000000,
    "weightedAverageShsOutDil": 1002000000,
    "link": "https://www.sec.gov/Archives/edgar/data/354950/000035495024000062/0000354950-24-000062-index.htm",
    "finalLink": "https://www.sec.gov/Archives/edgar/data/354950/000035495024000062/hd-20240128.htm"
  },
  {
    "date": "2023-01-29",
    "symbol": "HD",
    "reportedCurrency": "USD",
    "cik": "0000354950",
    "fillingDate": "2023-03-15",
    "acceptedDate": "2023-03-15 16:22:15",
    "calendarYear": "2022",
    "period": "FY",
    "revenue": 157403000000,
    "costOfRevenue": 104625000000,
    "grossProfit": 52778000000,
    "grossProfitRatio": 0.3353049179,
    "researchAndDevelopmentExpenses": 0,
    "generalAndAdministrativeExpenses": 25199000000,
    "sellingAndMarketingExpenses": 1085000000,
    "sellingGeneralAndAdministrativeExpenses": 26284000000,
    "otherExpenses": 2455000000,
    "operatingExpenses": 28739000000,
    "costAndExpenses": 133364000000,
    "interestIncome": 55000000,
    "interestExpense": 1617000000,
    "depreciationAndAmortization": 2975000000,
    "ebitda": 27069000000,
    "ebitdaratio": 0.1719725799,
    "operatingIncome": 24039000000,
    "operatingIncomeRatio": 0.1527226292,
    "totalOtherIncomeExpensesNet": -1562000000,
    "incomeBeforeTax": 22477000000,
    "incomeBeforeTaxRatio": 0.1427990572,
    "incomeTaxExpense": 5372000000,
    "netIncome": 17105000000,
    "netIncomeRatio": 0.1086701016,
    "eps": 16.74,
    "epsdiluted": 16.69,
    "weightedAverageShsOut": 1022000000,
    "weightedAverageShsOutDil": 1025000000,
    "link": "https://www.sec.gov/Archives/edgar/data/354950/000035495023000059/0000354950-23-000059-index.htm",
    "finalLink": "https://www.sec.gov/Archives/edgar/data/354950/000035495023000059/hd-20230129.htm"
  },
  {
    "date": "2022-01-30",
    "symbol": "HD",
    "reportedCurrency": "USD",
    "cik": "0000354950",
    "fillingDate": "2022-03-23",
    "acceptedDate": "2022-03-23 16:25:53",
    "calendarYear": "2021",
    "period": "FY",
    "revenue": 151157000000,
    "costOfRevenue": 100325000000,
    "grossProfit": 50832000000,
    "grossProfitRatio": 0.3362861131,
    "researchAndDevelopmentExpenses": 0,
    "generalAndAdministrativeExpenses": 24362000000,
    "sellingAndMarketingExpenses": 1044000000,
    "sellingGeneralAndAdministrativeExpenses": 25406000000,
    "otherExpenses": 2386000000,
    "operatingExpenses": 27792000000,
    "costAndExpenses": 128117000000,
    "interestIncome": 44000000,
    "interestExpense": 1347000000,
    "depreciationAndAmortization": 2862000000,
    "ebitda": 25946000000,
    "ebitdaratio": 0.1716493447,
    "operatingIncome": 23040000000,
    "operatingIncomeRatio": 0.1524243006,
    "totalOtherIncomeExpensesNet": -1303000000,
    "incomeBeforeTax": 21737000000,
    "incomeBeforeTaxRatio": 0.1438041242,
    "incomeTaxExpense": 5304000000,
    "netIncome": 16433000000,
    "netIncomeRatio": 0.10871478,
    "eps": 15.59,
    "epsdiluted": 15.53,
    "weightedAverageShsOut": 1054000000,
    "weightedAverageShsOutDil": 1058000000,
    "link": "https://www.sec.gov/Archives/edgar/data/354950/000035495022000070/0000354950-22-000070-index.htm",
    "finalLink": "https://www.sec.gov/Archives/edgar/data/354950/000035495022000070/hd-20220130.htm"
  },
  {
    "date": "2021-01-31",
    "symbol": "HD",
    "reportedCurrency": "USD",
    "cik": "0000354950",
    "fillingDate": "2021-03-24",
    "acceptedDate": "2021-03-24 16:46:14",
    "calendarYear": "2020",
    "period": "FY",
    "revenue": 132110000000,
    "costOfRevenue": 87257000000,
    "grossProfit": 44853000000,
    "grossProfitRatio": 0.3395125274,
    "researchAndDevelopmentExpenses": 0,
    "generalAndAdministrativeExpenses": 23538000000,
    "sellingAndMarketingExpenses": 909000000,
    "sellingGeneralAndAdministrativeExpenses": 24447000000,
    "otherExpenses": 2128000000,
    "operatingExpenses": 26575000000,
    "costAndExpenses": 113832000000,
    "interestIncome": 47000000,
    "interestExpense": 1347000000,
    "depreciationAndAmortization": 2519000000,
    "ebitda": 20844000000,
    "ebitdaratio": 0.1577776096,
    "operatingIncome": 18278000000,
    "operatingIncomeRatio": 0.1383544016,
    "totalOtherIncomeExpensesNet": -1300000000,
    "incomeBeforeTax": 16978000000,
    "incomeBeforeTaxRatio": 0.128514117,
    "incomeTaxExpense": 4112000000,
    "netIncome": 12866000000,
    "netIncomeRatio": 0.0973885399,
    "eps": 11.98,
    "epsdiluted": 11.94,
    "weightedAverageShsOut": 1074000000,
    "weightedAverageShsOutDil": 1078000000,
    "link": "https://www.sec.gov/Archives/edgar/data/354950/000035495021000089/0000354950-21-000089-index.htm",
    "finalLink": "https://www.sec.gov/Archives/edgar/data/354950/000035495021000089/hd-20210131.htm"
  },
  {
    "date": "2020-02-02",
    "symbol": "HD",
    "reportedCurrency": "USD",
    "cik": "0000354950",
    "fillingDate": "2020-03-25",
    "acceptedDate": "2020-03-25 16:41:53",
    "calendarYear": "2019",
    "period": "FY",
    "revenue": 110225000000,
    "costOfRevenue": 72653000000,
    "grossProfit": 37572000000,
    "grossProfitRatio": 0.3408664096,
    "researchAndDevelopmentExpenses": 0,
    "generalAndAdministrativeExpenses": 18836000000,
    "sellingAndMarketingExpenses": 904000000,
    "sellingGeneralAndAdministrativeExpenses": 19740000000,
    "otherExpenses": 1989000000,
    "operatingExpenses": 21729000000,
    "costAndExpenses": 94382000000,
    "interestIncome": 73000000,
    "interestExpense": 1201000000,
    "depreciationAndAmortization": 2296000000,
    "ebitda": 18212000000,
    "ebitdaratio": 0.1652256748,
    "operatingIncome": 15843000000,
    "operatingIncomeRatio": 0.1437332729,
    "totalOtherIncomeExpensesNet": -1128000000,
    "incomeBeforeTax": 14715000000,
    "incomeBeforeTaxRatio": 0.1334996598,
    "incomeTaxExpense": 3473000000,
    "netIncome": 11242000000,
    "netIncomeRatio": 0.1019913813,
    "eps": 10.29,
    "epsdiluted": 10.25,
    "weightedAverageShsOut": 1093000000,
    "weightedAverageShsOutDil": 1097000000,
    "link": "https://www.sec.gov/Archives/edgar/data/354950/000035495020000015/0000354950-20-000015-index.htm",
    "finalLink": "https://www.sec.gov/Archives/edgar/data/354950/000035495020000015/hd10k02022020.htm"
  },
  {
    "date": "2019-02-03",
    "symbol": "HD",
    "reportedCurrency": "USD",
    "cik": "0000354950",
    "fillingDate": "2019-03-28",
    "acceptedDate": "2019-03-28 16:42:29",
    "calendarYear": "2018",
    "period": "FY",
    "revenue": 108203000000,
    "costOfRevenue": 71043000000,
    "grossProfit": 37160000000,
    "grossProfitRatio": 0.3434285556,
    "researchAndDevelopmentExpenses": 0,
    "generalAndAdministrativeExpenses": 19513000000,
    "sellingAndMarketingExpenses": 921000000,
    "sellingGeneralAndAdministrativeExpenses": 19513000000,
    "otherExpenses": -16000000,
    "operatingExpenses": 21383000000,
    "costAndExpenses": 92426000000,
    "interestIncome": 93000000,
    "interestExpense": 1051000000,
    "depreciationAndAmortization": 2152000000,
    "ebitda": 17929000000,
    "ebitdaratio": 0.1656978087,
    "operatingIncome": 15530000000,
    "operatingIncomeRatio": 0.1435265196,
    "totalOtherIncomeExpensesNet": -974000000,
    "incomeBeforeTax": 14556000000,
    "incomeBeforeTaxRatio": 0.1345249208,
    "incomeTaxExpense": 3435000000,
    "netIncome": 11121000000,
    "netIncomeRatio": 0.1027790357,
    "eps": 9.78,
    "epsdiluted": 9.73,
    "weightedAverageShsOut": 1137000000,
    "weightedAverageShsOutDil": 1143000000,
    "link": "https://www.sec.gov/Archives/edgar/data/354950/000035495019000010/0000354950-19-000010-index.htm",
    "finalLink": "https://www.sec.gov/Archives/edgar/data/354950/000035495019000010/hd_10kx02032019.htm"
  },
  {
    "date": "2018-01-28",
    "symbol": "HD",
    "reportedCurrency": "USD",
    "cik": "0000354950",
    "fillingDate": "2018-03-22",
    "acceptedDate": "2018-03-22 16:56:00",
    "calendarYear": "2017",
    "period": "FY",
    "revenue": 100904000000,
    "costOfRevenue": 66548000000,
    "grossProfit": 34356000000,
    "grossProfitRatio": 0.3404820423,
    "researchAndDevelopmentExpenses": 0,
    "generalAndAdministrativeExpenses": 17864000000,
    "sellingAndMarketingExpenses": 797000000,
    "sellingGeneralAndAdministrativeExpenses": 17864000000,
    "otherExpenses": 1811000000,
    "operatingExpenses": 19675000000,
    "costAndExpenses": 86223000000,
    "interestIncome": 74000000,
    "interestExpense": 1057000000,
    "depreciationAndAmortization": 2062000000,
    "ebitda": 16817000000,
    "ebitdaratio": 0.1666633632,
    "operatingIncome": 14681000000,
    "operatingIncomeRatio": 0.1454947277,
    "totalOtherIncomeExpensesNet": -983000000,
    "incomeBeforeTax": 13698000000,
    "incomeBeforeTaxRatio": 0.1357527947,
    "incomeTaxExpense": 5068000000,
    "netIncome": 8630000000,
    "netIncomeRatio": 0.0855268374,
    "eps": 7.33,
    "epsdiluted": 7.29,
    "weightedAverageShsOut": 1178000000,
    "weightedAverageShsOutDil": 1184000000,
    "link": "https://www.sec.gov/Archives/edgar/data/354950/000035495018000019/0000354950-18-000019-index.htm",
    "finalLink": "https://www.sec.gov/Archives/edgar/data/354950/000035495018000019/hd_10k01282018.htm"
  },
  {
    "date": "2017-01-29",
    "symbol": "HD",
    "reportedCurrency": "USD",
    "cik": "0000354950",
    "fillingDate": "2017-03-23",
    "acceptedDate": "2017-03-23 16:29:46",
    "calendarYear": "2016",
    "period": "FY",
    "revenue": 94595000000,
    "costOfRevenue": 62282000000,
    "grossProfit": 32313000000,
    "grossProfitRatio": 0.3415931075,
    "researchAndDevelopmentExpenses": 0,
    "generalAndAdministrativeExpenses": 17132000000,
    "sellingAndMarketingExpenses": 789000000,
    "sellingGeneralAndAdministrativeExpenses": 17132000000,
    "otherExpenses": 1754000000,
    "operatingExpenses": 18886000000,
    "costAndExpenses": 81168000000,
    "interestIncome": 36000000,
    "interestExpense": 972000000,
    "depreciationAndAmortization": 1973000000,
    "ebitda": 15436000000,
    "ebitdaratio": 0.1631798721,
    "operatingIncome": 13427000000,
    "operatingIncomeRatio": 0.1419419631,
    "totalOtherIncomeExpensesNet": -936000000,
    "incomeBeforeTax": 12491000000,
    "incomeBeforeTaxRatio": 0.1320471484,
    "incomeTaxExpense": 4534000000,
    "netIncome": 7957000000,
    "netIncomeRatio": 0.0841164966,
    "eps": 6.47,
    "epsdiluted": 6.45,
    "weightedAverageShsOut": 1229000000,
    "weightedAverageShsOutDil": 1234000000,
    "link": "https://www.sec.gov/Archives/edgar/data/354950/000035495017000005/0000354950-17-000005-index.htm",
    "finalLink": "https://www.sec.gov/Archives/edgar/data/354950/000035495017000005/hd-01292017x10xk.htm"
  },
  {
    "date": "2016-01-31",
    "symbol": "HD",
    "reportedCurrency": "USD",
    "cik": "0000354950",
    "fillingDate": "2016-03-24",
    "acceptedDate": "2016-03-24 16:05:36",
    "calendarYear": "2015",
    "period": "FY",
    "revenue": 88519000000,
    "costOfRevenue": 58254000000,
    "grossProfit": 30265000000,
    "grossProfitRatio": 0.341903998,
    "researchAndDevelopmentExpenses": 0,
    "generalAndAdministrativeExpenses": 16062000000,
    "sellingAndMarketingExpenses": 739000000,
    "sellingGeneralAndAdministrativeExpenses": 16801000000,
    "otherExpenses": 1690000000,
    "operatingExpenses": 18491000000,
    "costAndExpenses": 76745000000,
    "interestIncome": 166000000,
    "interestExpense": 919000000,
    "depreciationAndAmortization": 1863000000,
    "ebitda": 13803000000,
    "ebitdaratio": 0.1559326246,
    "operatingIncome": 11774000000,
    "operatingIncomeRatio": 0.133010992,
    "totalOtherIncomeExpensesNet": -753000000,
    "incomeBeforeTax": 11021000000,
    "incomeBeforeTaxRatio": 0.1245043437,
    "incomeTaxExpense": 4012000000,
    "netIncome": 7009000000,
    "netIncomeRatio": 0.0791807409,
    "eps": 5.49,
    "epsdiluted": 5.46,
    "weightedAverageShsOut": 1277000000,
    "weightedAverageShsOutDil": 1283000000,
    "link": "https://www.sec.gov/Archives/edgar/data/354950/000035495016000060/0000354950-16-000060-index.htm",
    "finalLink": "https://www.sec.gov/Archives/edgar/data/354950/000035495016000060/hd-1312016x10xk.htm"
  }
]