[
  {
    "date": "2024-12-31",
    "symbol": "MRK",
    "reportedCurrency": "USD",
    "cik": "0000310158",
    "fillingDate": "2025-02-25",
    "acceptedDate": "2025-02-25 16:19:11",
    "calendarYear": "2024",
    "period": "FY",
    "revenue": 64168000000,
    "costOfRevenue": 12289000000,
    "grossProfit": 51879000000,
    "grossProfitRatio": 0.8084870964,
    "researchAndDevelopmentExpenses": 17938000000,
    "generalAndAdministrativeExpenses": 0,
    "sellingAndMarketingExpenses": 0,
    "sellingGeneralAndAdministrativeExpenses": 11249000000,
    "otherExpenses": 0,
    "operatingExpenses": 29187000000,
    "costAndExpenses": 41476000000,
    "interestIncome": 0,
    "interestExpense": 0,
    "depreciationAndAmortization": 4174665623,
    "ebitda": 26939665623,
    "ebitdaratio": 0.419830221,
    "operatingIncome": 22692000000,
    "operatingIncomeRatio": 0.3536342102,
    "totalOtherIncomeExpensesNet": -2756000000,
    "incomeBeforeTax": 19936000000,
    "incomeBeforeTaxRatio": 0.3106844533,
    "incomeTaxExpense": 2803000000,
    "netIncome": 17117000000,
    "netIncomeRatio": 0.2667528986,
    "eps": 6.74,
    "epsdiluted": 6.74,
    "weightedAverageShsOut": 2541000106,
    "weightedAverageShsOutDil": 2541000000,
    "link": "https://www.sec.gov/Archives/edgar/data/310158/000162828025007732/0001628280-25-007732-index.htm",
    "finalLink": "https://www.sec.gov/Archives/edgar/data/310158/000162828025007732/mrk-20241231.htm"
  },
  {
    "date": "2023-12-31",
    "symbol": "MRK",
    "reportedCurrency": "USD",
    "cik": "0000310158",
    "fillingDate": "2024-04-11",
    "acceptedDate": "2024-04-11 16:05:38",
    "calendarYear": "2023",
    "period": "FY",
    "revenue": 60115000000,
    "costOfRevenue": 16126000000,
    "grossProfit": 43989000000,
    "grossProfitRatio": 0.731747484,
    "researchAndDevelopmentExpenses": 30531000000,
    "generalAndAdministrativeExpenses": 8204000000,
    "sellingAndMarketingExpenses": 2300000000,
    "sellingGeneralAndAdministrativeExpenses": 10504000000,
    "otherExpenses": 0,
    "operatingExpenses": 40912000000,
    "costAndExpenses": 57161000000,
    "interestIncome": 365000000,
    "interestExpense": 1146000000,
    "depreciationAndAmortization": 3872000000,
    "ebitda": 6907000000,
    "ebitdaratio": 0.1148964485,
    "operatingIncome": 2954000000,
    "operatingIncomeRatio": 0.04913915,
    "totalOtherIncomeExpensesNet": -1065000000,
    "incomeBeforeTax": 1889000000,
    "incomeBeforeTaxRatio": 0.0314231057,
    "incomeTaxExpense": 1512000000,
    "netIncome": 365000000,
    "netIncomeRatio": 0.0060716959,
    "eps": 0.14,
    "epsdiluted": 0.14,
    "weightedAverageShsOut": 2607142857,
    "weightedAverageShsOutDil": 2547000000,
    "link": "https://www.sec.gov/Archives/edgar/data/310158/000119312524093194/0001193125-24-093194-index.htm",
    "finalLink": "https://www.sec.gov/Archives/edgar/data/310158/000119312524093194/d807955d10ka.htm"
  },
  {
    "date": "2022-12-31",
    "symbol": "MRK",
    "reportedCurrency": "USD",
    "cik": "0000310158",
    "fillingDate": "2023-02-24",
    "acceptedDate": "2023-02-24 16:22:30",
    "calendarYear": "2022",
    "period": "FY",
    "revenue": 59283000000,
    "costOfRevenue": 17411000000,
    "grossProfit": 41872000000,
    "grossProfitRatio": 0.7063070357,
    "researchAndDevelopmentExpenses": 13548000000,
    "generalAndAdministrativeExpenses": 7842000000,
    "sellingAndMarketingExpenses": 2200000000,
    "sellingGeneralAndAdministrativeExpenses": 10042000000,
    "otherExpenses": 960000000,
    "operatingExpenses": 23590000000,
    "costAndExpenses": 41001000000,
    "interestIncome": 157000000,
    "interestExpense": 962000000,
    "depreciationAndAmortization": 3909000000,
    "ebitda": 21315000000,
    "ebitdaratio": 0.3595465817,
    "operatingIncome": 19399000000,
    "operatingIncomeRatio": 0.3272270297,
    "totalOtherIncomeExpensesNet": -1838000000,
    "incomeBeforeTax": 16444000000,
    "incomeBeforeTaxRatio": 0.2773813741,
    "incomeTaxExpense": 1918000000,
    "netIncome": 14519000000,
    "netIncomeRatio": 0.2449100079,
    "eps": 5.73,
    "epsdiluted": 5.71,
    "weightedAverageShsOut": 2532000000,
    "weightedAverageShsOutDil": 2542000000,
    "link": "https://www.sec.gov/Archives/edgar/data/310158/000162828023005061/0001628280-23-005061-index.htm",
    "finalLink": "https://www.sec.gov/Archives/edgar/data/310158/000162828023005061/mrk-20221231.htm"
  },
  {
    "date": "2021-12-31",
    "symbol": "MRK",
    "reportedCurrency": "USD",
    "cik": "0000310158",
    "fillingDate": "2022-02-25",
    "acceptedDate": "2022-02-25 16:44:28",
    "calendarYear": "2021",
    "period": "FY",
    "revenue": 48704000000,
    "costOfRevenue": 13626000000,
    "grossProfit": 35078000000,
    "grossProfitRatio": 0.720228318,
    "researchAndDevelopmentExpenses": 12245000000,
    "generalAndAdministrativeExpenses": 7634000000,
    "sellingAndMarketingExpenses": 2000000000,
    "sellingGeneralAndAdministrativeExpenses": 9634000000,
    "otherExpenses": 468000000,
    "operatingExpenses": 21879000000,
    "costAndExpenses": 35505000000,
    "interestIncome": 36000000,
    "interestExpense": 806000000,
    "depreciationAndAmortization": 3214000000,
    "ebitda": 17899000000,
    "ebitdaratio": 0.367505749,
    "operatingIncome": 13703000000,
    "operatingIncomeRatio": 0.281352661,
    "totalOtherIncomeExpensesNet": 680000000,
    "incomeBeforeTax": 13879000000,
    "incomeBeforeTaxRatio": 0.2849663272,
    "incomeTaxExpense": 1521000000,
    "netIncome": 13049000000,
    "netIncomeRatio": 0.2679246058,
    "eps": 5.16,
    "epsdiluted": 5.14,
    "weightedAverageShsOut": 2530000000,
    "weightedAverageShsOutDil": 2538000000,
    "link": "https://www.sec.gov/Archives/edgar/data/310158/000031015822000003/0000310158-22-000003-index.htm",
    "finalLink": "https://www.sec.gov/Archives/edgar/data/310158/000031015822000003/mrk-20211231.htm"
  },
  {
    "date": "2020-12-31",
    "symbol": "MRK",
    "reportedCurrency": "USD",
    "cik": "0000310158",
    "fillingDate": "2021-02-25",
    "acceptedDate": "2021-02-25 16:34:56",
    "calendarYear": "2020",
    "period": "FY",
    "revenue": 41518000000,
    "costOfRevenue": 13618000000,
    "grossProfit": 27900000000,
    "grossProfitRatio": 0.6719976877,
    "researchAndDevelopmentExpenses": 13397000000,
    "generalAndAdministrativeExpenses": 7155000000,
    "sellingAndMarketingExpenses": 1800000000,
    "sellingGeneralAndAdministrativeExpenses": 8955000000,
    "otherExpenses": 469000000,
    "operatingExpenses": 22352000000,
    "costAndExpenses": 35970000000,
    "interestIncome": 59000000,
    "interestExpense": 831000000,
    "depreciationAndAmortization": 3486000000,
    "ebitda": 10180000000,
    "ebitdaratio": 0.2451948552,
    "operatingIncome": 6076000000,
    "operatingIncomeRatio": 0.1463461631,
    "totalOtherIncomeExpensesNet": 315000000,
    "incomeBeforeTax": 8791000000,
    "incomeBeforeTaxRatio": 0.2117394865,
    "incomeTaxExpense": 1709000000,
    "netIncome": 7067000000,
    "netIncomeRatio": 0.1702153283,
    "eps": 2.79,
    "epsdiluted": 2.78,
    "weightedAverageShsOut": 2530000000,
    "weightedAverageShsOutDil": 2541000000,
    "link": "https://www.sec.gov/Archives/edgar/data/310158/000031015821000004/0000310158-21-000004-index.htm",
    "finalLink": "https://www.sec.gov/Archives/edgar/data/310158/000031015821000004/mrk-20201231.htm"
  },
  {
    "date": "2019-12-31",
    "symbol": "MRK",
    "reportedCurrency": "USD",
    "cik": "0000310158",
    "fillingDate": "2020-02-26",
    "acceptedDate": "2020-02-26 16:36:07",
    "calendarYear": "2019",
    "period": "FY",
    "revenue": 46840000000,
    "costOfRevenue": 14112000000,
    "grossProfit": 32728000000,
    "grossProfitRatio": 0.6987190436,
    "researchAndDevelopmentExpenses": 9872000000,
    "generalAndAdministrativeExpenses": 8715000000,
    "sellingAndMarketingExpenses": 1900000000,
    "sellingGeneralAndAdministrativeExpenses": 10615000000,
    "otherExpenses": -139000000,
    "operatingExpenses": 20487000000,
    "costAndExpenses": 34599000000,
    "interestIncome": 274000000,
    "interestExpense": 893000000,
    "depreciationAndAmortization": 3652000000,
    "ebitda": 16009000000,
    "ebitdaratio": 0.3417805295,
    "operatingIncome": 9227000000,
    "operatingIncomeRatio": 0.1969897523,
    "totalOtherIncomeExpensesNet": 3538000000,
    "incomeBeforeTax": 11464000000,
    "incomeBeforeTaxRatio": 0.2447480786,
    "incomeTaxExpense": 1687000000,
    "netIncome": 9843000000,
    "netIncomeRatio": 0.2101409052,
    "eps": 3.84,
    "epsdiluted": 3.82,
    "weightedAverageShsOut": 2565000000,
    "weightedAverageShsOutDil": 2580000000,
    "link": "https://www.sec.gov/Archives/edgar/data/310158/000031015820000005/0000310158-20-000005-index.htm",
    "finalLink": "https://www.sec.gov/Archives/edgar/data/310158/000031015820000005/mrk1231201910k.htm"
  },
  {
    "date": "2018-12-31",
    "symbol": "MRK",
    "reportedCurrency": "USD",
    "cik": "0000310158",
    "fillingDate": "2019-02-27",
    "acceptedDate": "2019-02-27 16:36:42",
    "calendarYear": "2018",
    "period": "FY",
    "revenue": 42294000000,
    "costOfRevenue": 13509000000,
    "grossProfit": 28785000000,
    "grossProfitRatio": 0.6805929919,
    "researchAndDevelopmentExpenses": 9752000000,
    "generalAndAdministrativeExpenses": 8002000000,
    "sellingAndMarketingExpenses": 2100000000,
    "sellingGeneralAndAdministrativeExpenses": 10102000000,
    "otherExpenses": 849000000,
    "operatingExpenses": 19854000000,
    "costAndExpenses": 33363000000,
    "interestIncome": 343000000,
    "interestExpense": 772000000,
    "depreciationAndAmortization": 4519000000,
    "ebitda": 13992000000,
    "ebitdaratio": 0.3308270677,
    "operatingIncome": 5731000000,
    "operatingIncomeRatio": 0.135503854,
    "totalOtherIncomeExpensesNet": -230000000,
    "incomeBeforeTax": 8701000000,
    "incomeBeforeTaxRatio": 0.2057265806,
    "incomeTaxExpense": 2508000000,
    "netIncome": 6220000000,
    "netIncomeRatio": 0.1470657777,
    "eps": 2.4,
    "epsdiluted": 2.32,
    "weightedAverageShsOut": 2592559543,
    "weightedAverageShsOutDil": 2679000000,
    "link": "https://www.sec.gov/Archives/edgar/data/310158/000031015819000014/0000310158-19-000014-index.htm",
    "finalLink": "https://www.sec.gov/Archives/edgar/data/310158/000031015819000014/mrk1231201810k.htm"
  },
  {
    "date": "2017-12-31",
    "symbol": "MRK",
    "reportedCurrency": "USD",
    "cik": "0000310158",
    "fillingDate": "2018-02-27",
    "acceptedDate": "2018-02-27 16:33:07",
    "calendarYear": "2017",
    "period": "FY",
    "revenue": 40122000000,
    "costOfRevenue": 12775000000,
    "grossProfit": 27347000000,
    "grossProfitRatio": 0.6815961318,
    "researchAndDevelopmentExpenses": 9982000000,
    "generalAndAdministrativeExpenses": 0,
    "sellingAndMarketingExpenses": 9830000000,
    "sellingGeneralAndAdministrativeExpenses": 9830000000,
    "otherExpenses": 304000000,
    "operatingExpenses": 19812000000,
    "costAndExpenses": 32587000000,
    "interestIncome": 385000000,
    "interestExpense": 754000000,
    "depreciationAndAmortization": 4637000000,
    "ebitda": 11951000000,
    "ebitdaratio": 0.2978665072,
    "operatingIncome": 3629000000,
    "operatingIncomeRatio": 0.0904491302,
    "totalOtherIncomeExpensesNet": -986000000,
    "incomeBeforeTax": 6747000000,
    "incomeBeforeTaxRatio": 0.1681621056,
    "incomeTaxExpense": 4155000000,
    "netIncome": 2568000000,
    "netIncomeRatio": 0.0640047854,
    "eps": 0.95,
    "epsdiluted": 0.93,
    "weightedAverageShsOut": 2696611608,
    "weightedAverageShsOutDil": 2748000000,
    "link": "https://www.sec.gov/Archives/edgar/data/310158/000031015818000005/0000310158-18-000005-index.htm",
    "finalLink": "https://www.sec.gov/Archives/edgar/data/310158/000031015818000005/mrk1231201710k.htm"
  },
  {
    "date": "2016-12-31",
    "symbol": "MRK",
    "reportedCurrency": "USD",
    "cik": "0000310158",
    "fillingDate": "2017-02-28",
    "acceptedDate": "2017-02-28 16:33:13",
    "calendarYear": "2016",
    "period": "FY",
    "revenue": 39807000000,
    "costOfRevenue": 13891000000,
    "grossProfit": 25916000000,
    "grossProfitRatio": 0.6510412741,
    "researchAndDevelopmentExpenses": 7194000000,
    "generalAndAdministrativeExpenses": 0,
    "sellingAndMarketingExpenses": 9762000000,
    "sellingGeneralAndAdministrativeExpenses": 9762000000,
    "otherExpenses": -357000000,
    "operatingExpenses": 16956000000,
    "costAndExpenses": 30847000000,
    "interestIncome": 328000000,
    "interestExpense": 693000000,
    "depreciationAndAmortization": 5441000000,
    "ebitda": 10793000000,
    "ebitdaratio": 0.2711332178,
    "operatingIncome": 3576000000,
    "operatingIncomeRatio": 0.0898334464,
    "totalOtherIncomeExpensesNet": 1083000000,
    "incomeBeforeTax": 7499000000,
    "incomeBeforeTaxRatio": 0.1883839526,
    "incomeTaxExpense": 1787000000,
    "netIncome": 5691000000,
    "netIncomeRatio": 0.1429648052,
    "eps": 2.07,
    "epsdiluted": 2.04,
    "weightedAverageShsOut": 2748731322,
    "weightedAverageShsOutDil": 2787000000,
    "link": "https://www.sec.gov/Archives/edgar/data/310158/000031015817000010/0000310158-17-000010-index.htm",
    "finalLink": "https://www.sec.gov/Archives/edgar/data/310158/000031015817000010/mrk1231201610k.htm"
  },
  {
    "date": "2015-12-31",
    "symbol": "MRK",
    "reportedCurrency": "USD",
    "cik": "0000310158",
    "fillingDate": "2016-02-26",
    "acceptedDate": "2016-02-26 16:04:31",
    "calendarYear": "2015",
    "period": "FY",
    "revenue": 39498000000,
    "costOfRevenue": 14934000000,
    "grossProfit": 24564000000,
    "grossProfitRatio": 0.6219049066,
    "researchAndDevelopmentExpenses": 6704000000,
    "generalAndAdministrativeExpenses": 0,
    "sellingAndMarketingExpenses": 10313000000,
    "sellingGeneralAndAdministrativeExpenses": 10313000000,
    "otherExpenses": -72000000,
    "operatingExpenses": 17017000000,
    "costAndExpenses": 31951000000,
    "interestIncome": 289000000,
    "interestExpense": 672000000,
    "depreciationAndAmortization": 6375000000,
    "ebitda": 12448000000,
    "ebitdaratio": 0.3151551977,
    "operatingIncome": 1594000000,
    "operatingIncomeRatio": 0.0403564737,
    "totalOtherIncomeExpensesNet": -2146000000,
    "incomeBeforeTax": 5401000000,
    "incomeBeforeTaxRatio": 0.1367411008,
    "incomeTaxExpense": 942000000,
    "netIncome": 4442000000,
    "netIncomeRatio": 0.1124613905,
    "eps": 1.6,
    "epsdiluted": 1.56,
    "weightedAverageShsOut": 2781128073,
    "weightedAverageShsOutDil": 2841000000,
    "link": "https://www.sec.gov/Archives/edgar/data/310158/000031015816000063/0000310158-16-000063-index.htm",
    "finalLink": "https://www.sec.gov/Archives/edgar/data/310158/000031015816000063/mrk1231201510k.htm"
  }
]