[
  {
    "date": "2024-12-31",
    "symbol": "MRK",
    "reportedCurrency": "USD",
    "cik": "0000310158",
    "fillingDate": "2025-02-25",
    "acceptedDate": "2025-02-25 16:19:11",
    "calendarYear": "2024",
    "period": "Q4",
    "revenue": 15624000000,
    "costOfRevenue": 924000000,
    "grossProfit": 14700000000,
    "grossProfitRatio": 0.9408602151,
    "researchAndDevelopmentExpenses": 4584000000,
    "generalAndAdministrativeExpenses": 0,
    "sellingAndMarketingExpenses": 0,
    "sellingGeneralAndAdministrativeExpenses": 3296000000,
    "otherExpenses": 0,
    "operatingExpenses": 7880000000,
    "costAndExpenses": 8804000000,
    "interestIncome": -269000000,
    "interestExpense": -943000000,
    "depreciationAndAmortization": 872665623,
    "ebitda": 6928665623,
    "ebitdaratio": 0.4434629815,
    "operatingIncome": 6820000000,
    "operatingIncomeRatio": 0.4365079365,
    "totalOtherIncomeExpensesNet": -2650000000,
    "incomeBeforeTax": 4170000000,
    "incomeBeforeTaxRatio": 0.2668970814,
    "incomeTaxExpense": 426000000,
    "netIncome": 3743000000,
    "netIncomeRatio": 0.2395673323,
    "eps": 1.4700000000000006,
    "epsdiluted": 1.4900000000000002,
    "weightedAverageShsOut": 2541000106,
    "weightedAverageShsOutDil": 2541000000,
    "link": "https://www.sec.gov/Archives/edgar/data/310158/000162828025007732/0001628280-25-007732-index.htm",
    "finalLink": "https://www.sec.gov/Archives/edgar/data/310158/000162828025007732/mrk-20241231.htm"
  },
  {
    "date": "2024-09-30",
    "symbol": "MRK",
    "reportedCurrency": "USD",
    "cik": "0000310158",
    "fillingDate": "2024-11-06",
    "acceptedDate": "2024-11-06 16:05:36",
    "calendarYear": "2024",
    "period": "Q3",
    "revenue": 16657000000,
    "costOfRevenue": 4080000000,
    "grossProfit": 12577000000,
    "grossProfitRatio": 0.7550579336,
    "researchAndDevelopmentExpenses": 5862000000,
    "generalAndAdministrativeExpenses": 0,
    "sellingAndMarketingExpenses": 0,
    "sellingGeneralAndAdministrativeExpenses": 2731000000,
    "otherExpenses": 0,
    "operatingExpenses": 8593000000,
    "costAndExpenses": 12673000000,
    "interestIncome": 127000000,
    "interestExpense": 330000000,
    "depreciationAndAmortization": 1186000000,
    "ebitda": 5606000000,
    "ebitdaratio": 0.336555202,
    "operatingIncome": 3984000000,
    "operatingIncomeRatio": 0.2391787237,
    "totalOtherIncomeExpensesNet": 106000000,
    "incomeBeforeTax": 4090000000,
    "incomeBeforeTaxRatio": 0.2455424146,
    "incomeTaxExpense": 929000000,
    "netIncome": 3157000000,
    "netIncomeRatio": 0.1895299274,
    "eps": 1.24,
    "epsdiluted": 1.24,
    "weightedAverageShsOut": 2545967741,
    "weightedAverageShsOutDil": 2541000000,
    "link": "https://www.sec.gov/Archives/edgar/data/310158/000162828024045689/0001628280-24-045689-index.htm",
    "finalLink": "https://www.sec.gov/Archives/edgar/data/310158/000162828024045689/mrk-20240930.htm"
  },
  {
    "date": "2024-06-30",
    "symbol": "MRK",
    "reportedCurrency": "USD",
    "cik": "0000310158",
    "fillingDate": "2024-08-05",
    "acceptedDate": "2024-08-05 16:02:11",
    "calendarYear": "2024",
    "period": "Q2",
    "revenue": 16112000000,
    "costOfRevenue": 3745000000,
    "grossProfit": 12367000000,
    "grossProfitRatio": 0.7675645482,
    "researchAndDevelopmentExpenses": 3500000000,
    "generalAndAdministrativeExpenses": 0,
    "sellingAndMarketingExpenses": 0,
    "sellingGeneralAndAdministrativeExpenses": 2739000000,
    "otherExpenses": 0,
    "operatingExpenses": 6239000000,
    "costAndExpenses": 9984000000,
    "interestIncome": 69000000,
    "interestExpense": 310000000,
    "depreciationAndAmortization": 1132000000,
    "ebitda": 7448000000,
    "ebitdaratio": 0.4622641509,
    "operatingIncome": 6128000000,
    "operatingIncomeRatio": 0.3803376365,
    "totalOtherIncomeExpensesNet": -122000000,
    "incomeBeforeTax": 6006000000,
    "incomeBeforeTaxRatio": 0.3727656405,
    "incomeTaxExpense": 545000000,
    "netIncome": 5455000000,
    "netIncomeRatio": 0.3385675273,
    "eps": 2.15,
    "epsdiluted": 2.14,
    "weightedAverageShsOut": 2534000000,
    "weightedAverageShsOutDil": 2544000000,
    "link": "https://www.sec.gov/Archives/edgar/data/310158/000162828024034715/0001628280-24-034715-index.htm",
    "finalLink": "https://www.sec.gov/Archives/edgar/data/310158/000162828024034715/mrk-20240630.htm"
  },
  {
    "date": "2024-03-31",
    "symbol": "MRK",
    "reportedCurrency": "USD",
    "cik": "0000310158",
    "fillingDate": "2024-05-03",
    "acceptedDate": "2024-05-03 16:10:43",
    "calendarYear": "2024",
    "period": "Q1",
    "revenue": 15775000000,
    "costOfRevenue": 3540000000,
    "grossProfit": 12235000000,
    "grossProfitRatio": 0.7755942948,
    "researchAndDevelopmentExpenses": 3992000000,
    "generalAndAdministrativeExpenses": 0,
    "sellingAndMarketingExpenses": 0,
    "sellingGeneralAndAdministrativeExpenses": 2483000000,
    "otherExpenses": 0,
    "operatingExpenses": 6475000000,
    "costAndExpenses": 10015000000,
    "interestIncome": 73000000,
    "interestExpense": 303000000,
    "depreciationAndAmortization": 984000000,
    "ebitda": 6957000000,
    "ebitdaratio": 0.4410142631,
    "operatingIncome": 5760000000,
    "operatingIncomeRatio": 0.3651347068,
    "totalOtherIncomeExpensesNet": -90000000,
    "incomeBeforeTax": 5670000000,
    "incomeBeforeTaxRatio": 0.359429477,
    "incomeTaxExpense": 903000000,
    "netIncome": 4762000000,
    "netIncomeRatio": 0.3018700475,
    "eps": 1.88,
    "epsdiluted": 1.87,
    "weightedAverageShsOut": 2533000000,
    "weightedAverageShsOutDil": 2544000000,
    "link": "https://www.sec.gov/Archives/edgar/data/310158/000162828024020283/0001628280-24-020283-index.htm",
    "finalLink": "https://www.sec.gov/Archives/edgar/data/310158/000162828024020283/mrk-20240331.htm"
  },
  {
    "date": "2023-12-31",
    "symbol": "MRK",
    "reportedCurrency": "USD",
    "cik": "0000310158",
    "fillingDate": "2024-04-11",
    "acceptedDate": "2024-04-11 16:05:38",
    "calendarYear": "2023",
    "period": "Q4",
    "revenue": 14630000000,
    "costOfRevenue": 3912000000,
    "grossProfit": 10718000000,
    "grossProfitRatio": 0.7326042379,
    "researchAndDevelopmentExpenses": 9627000000,
    "generalAndAdministrativeExpenses": 504000000,
    "sellingAndMarketingExpenses": 2300000000,
    "sellingGeneralAndAdministrativeExpenses": 2804000000,
    "otherExpenses": 224000000,
    "operatingExpenses": 12431000000,
    "costAndExpenses": 16343000000,
    "interestIncome": 70000000,
    "interestExpense": 310000000,
    "depreciationAndAmortization": 964000000,
    "ebitda": -772000000,
    "ebitdaratio": -0.0527682843,
    "operatingIncome": -1419000000,
    "operatingIncomeRatio": -0.0969924812,
    "totalOtherIncomeExpensesNet": -627000000,
    "incomeBeforeTax": -2046000000,
    "incomeBeforeTaxRatio": -0.1398496241,
    "incomeTaxExpense": -821000000,
    "netIncome": -1226000000,
    "netIncomeRatio": -0.0838004101,
    "eps": -0.48,
    "epsdiluted": -0.48,
    "weightedAverageShsOut": 2554166667,
    "weightedAverageShsOutDil": 2554166667,
    "link": "https://www.sec.gov/Archives/edgar/data/310158/000119312524093194/0001193125-24-093194-index.htm",
    "finalLink": "https://www.sec.gov/Archives/edgar/data/310158/000119312524093194/d807955d10ka.htm"
  },
  {
    "date": "2023-09-30",
    "symbol": "MRK",
    "reportedCurrency": "USD",
    "cik": "0000310158",
    "fillingDate": "2023-11-03",
    "acceptedDate": "2023-11-03 16:10:43",
    "calendarYear": "2023",
    "period": "Q3",
    "revenue": 15962000000,
    "costOfRevenue": 4264000000,
    "grossProfit": 11698000000,
    "grossProfitRatio": 0.7328655557,
    "researchAndDevelopmentExpenses": 3307000000,
    "generalAndAdministrativeExpenses": 0,
    "sellingAndMarketingExpenses": 0,
    "sellingGeneralAndAdministrativeExpenses": 2519000000,
    "otherExpenses": 236000000,
    "operatingExpenses": 5826000000,
    "costAndExpenses": 10090000000,
    "interestIncome": 73000000,
    "interestExpense": 317000000,
    "depreciationAndAmortization": 1014000000,
    "ebitda": 7195000000,
    "ebitdaratio": 0.4507580504,
    "operatingIncome": 6181000000,
    "operatingIncomeRatio": 0.3872321764,
    "totalOtherIncomeExpensesNet": -252000000,
    "incomeBeforeTax": 5620000000,
    "incomeBeforeTaxRatio": 0.3520862047,
    "incomeTaxExpense": 870000000,
    "netIncome": 4745000000,
    "netIncomeRatio": 0.2972685127,
    "eps": 1.87,
    "epsdiluted": 1.86,
    "weightedAverageShsOut": 2537000000,
    "weightedAverageShsOutDil": 2546000000,
    "link": "https://www.sec.gov/Archives/edgar/data/310158/000162828023036717/0001628280-23-036717-index.htm",
    "finalLink": "https://www.sec.gov/Archives/edgar/data/310158/000162828023036717/mrk-20230930.htm"
  },
  {
    "date": "2023-06-30",
    "symbol": "MRK",
    "reportedCurrency": "USD",
    "cik": "0000310158",
    "fillingDate": "2023-08-07",
    "acceptedDate": "2023-08-07 16:09:00",
    "calendarYear": "2023",
    "period": "Q2",
    "revenue": 15035000000,
    "costOfRevenue": 4024000000,
    "grossProfit": 11011000000,
    "grossProfitRatio": 0.7323578317,
    "researchAndDevelopmentExpenses": 13321000000,
    "generalAndAdministrativeExpenses": 0,
    "sellingAndMarketingExpenses": 0,
    "sellingGeneralAndAdministrativeExpenses": 2702000000,
    "otherExpenses": 233000000,
    "operatingExpenses": 16023000000,
    "costAndExpenses": 20047000000,
    "interestIncome": 109000000,
    "interestExpense": 277000000,
    "depreciationAndAmortization": 903000000,
    "ebitda": -4155000000,
    "ebitdaratio": -0.2763551713,
    "operatingIncome": -4670000000,
    "operatingIncomeRatio": -0.31060858,
    "totalOtherIncomeExpensesNet": -323000000,
    "incomeBeforeTax": -5335000000,
    "incomeBeforeTaxRatio": -0.3548387097,
    "incomeTaxExpense": 637000000,
    "netIncome": -5975000000,
    "netIncomeRatio": -0.3974060525,
    "eps": -2.35,
    "epsdiluted": -2.35,
    "weightedAverageShsOut": 2539000000,
    "weightedAverageShsOutDil": 2539000000,
    "link": "https://www.sec.gov/Archives/edgar/data/310158/000162828023027770/0001628280-23-027770-index.htm",
    "finalLink": "https://www.sec.gov/Archives/edgar/data/310158/000162828023027770/mrk-20230630.htm"
  },
  {
    "date": "2023-03-31",
    "symbol": "MRK",
    "reportedCurrency": "USD",
    "cik": "0000310158",
    "fillingDate": "2023-05-05",
    "acceptedDate": "2023-05-05 07:39:41",
    "calendarYear": "2023",
    "period": "Q1",
    "revenue": 14487000000,
    "costOfRevenue": 3926000000,
    "grossProfit": 10561000000,
    "grossProfitRatio": 0.7289984124,
    "researchAndDevelopmentExpenses": 4276000000,
    "generalAndAdministrativeExpenses": 0,
    "sellingAndMarketingExpenses": 0,
    "sellingGeneralAndAdministrativeExpenses": 2479000000,
    "otherExpenses": -348000000,
    "operatingExpenses": 6755000000,
    "costAndExpenses": 10681000000,
    "interestIncome": 112000000,
    "interestExpense": 242000000,
    "depreciationAndAmortization": 991000000,
    "ebitda": 4883000000,
    "ebitdaratio": 0.3370608131,
    "operatingIncome": 3570000000,
    "operatingIncomeRatio": 0.2464278318,
    "totalOtherIncomeExpensesNet": -156000000,
    "incomeBeforeTax": 3650000000,
    "incomeBeforeTaxRatio": 0.2519500242,
    "incomeTaxExpense": 825000000,
    "netIncome": 2821000000,
    "netIncomeRatio": 0.1947263063,
    "eps": 1.11,
    "epsdiluted": 1.11,
    "weightedAverageShsOut": 2538000000,
    "weightedAverageShsOutDil": 2551000000,
    "link": "https://www.sec.gov/Archives/edgar/data/310158/000162828023015990/0001628280-23-015990-index.htm",
    "finalLink": "https://www.sec.gov/Archives/edgar/data/310158/000162828023015990/mrk-20230331.htm"
  },
  {
    "date": "2022-12-31",
    "symbol": "MRK",
    "reportedCurrency": "USD",
    "cik": "0000310158",
    "fillingDate": "2023-02-24",
    "acceptedDate": "2023-02-24 16:22:30",
    "calendarYear": "2022",
    "period": "Q4",
    "revenue": 13830000000,
    "costOfRevenue": 3881000000,
    "grossProfit": 9949000000,
    "grossProfitRatio": 0.7193781634,
    "researchAndDevelopmentExpenses": 3775000000,
    "generalAndAdministrativeExpenses": 487000000,
    "sellingAndMarketingExpenses": 2200000000,
    "sellingGeneralAndAdministrativeExpenses": 2687000000,
    "otherExpenses": 290000000,
    "operatingExpenses": 6462000000,
    "costAndExpenses": 10343000000,
    "interestIncome": 95000000,
    "interestExpense": 235000000,
    "depreciationAndAmortization": 892000000,
    "ebitda": 4640000000,
    "ebitdaratio": 0.3355025307,
    "operatingIncome": 3872000000,
    "operatingIncomeRatio": 0.2799710774,
    "totalOtherIncomeExpensesNet": 26000000,
    "incomeBeforeTax": 3513000000,
    "incomeBeforeTaxRatio": 0.2540130152,
    "incomeTaxExpense": 495000000,
    "netIncome": 3017000000,
    "netIncomeRatio": 0.2181489516,
    "eps": 1.19,
    "epsdiluted": 1.18,
    "weightedAverageShsOut": 2536000000,
    "weightedAverageShsOutDil": 2548000000,
    "link": "https://www.sec.gov/Archives/edgar/data/310158/000162828023005061/0001628280-23-005061-index.htm",
    "finalLink": "https://www.sec.gov/Archives/edgar/data/310158/000162828023005061/mrk-20221231.htm"
  },
  {
    "date": "2022-09-30",
    "symbol": "MRK",
    "reportedCurrency": "USD",
    "cik": "0000310158",
    "fillingDate": "2022-11-03",
    "acceptedDate": "2022-11-03 16:28:44",
    "calendarYear": "2022",
    "period": "Q3",
    "revenue": 14959000000,
    "costOfRevenue": 3934000000,
    "grossProfit": 11025000000,
    "grossProfitRatio": 0.7370145063,
    "researchAndDevelopmentExpenses": 4399000000,
    "generalAndAdministrativeExpenses": 0,
    "sellingAndMarketingExpenses": 0,
    "sellingGeneralAndAdministrativeExpenses": 2520000000,
    "otherExpenses": 242000000,
    "operatingExpenses": 6919000000,
    "costAndExpenses": 10853000000,
    "interestIncome": 40000000,
    "interestExpense": 244000000,
    "depreciationAndAmortization": 959000000,
    "ebitda": 4786000000,
    "ebitdaratio": 0.3199411725,
    "operatingIncome": 4388000000,
    "operatingIncomeRatio": 0.293335116,
    "totalOtherIncomeExpensesNet": -523000000,
    "incomeBeforeTax": 3583000000,
    "incomeBeforeTaxRatio": 0.2395213584,
    "incomeTaxExpense": 330000000,
    "netIncome": 3248000000,
    "netIncomeRatio": 0.2171268133,
    "eps": 1.28,
    "epsdiluted": 1.28,
    "weightedAverageShsOut": 2533000000,
    "weightedAverageShsOutDil": 2542000000,
    "link": "https://www.sec.gov/Archives/edgar/data/310158/000031015822000034/0000310158-22-000034-index.htm",
    "finalLink": "https://www.sec.gov/Archives/edgar/data/310158/000031015822000034/mrk-20220930.htm"
  },
  {
    "date": "2022-06-30",
    "symbol": "MRK",
    "reportedCurrency": "USD",
    "cik": "0000310158",
    "fillingDate": "2022-08-05",
    "acceptedDate": "2022-08-04 17:35:47",
    "calendarYear": "2022",
    "period": "Q2",
    "revenue": 14593000000,
    "costOfRevenue": 4216000000,
    "grossProfit": 10377000000,
    "grossProfitRatio": 0.7110943603,
    "researchAndDevelopmentExpenses": 2798000000,
    "generalAndAdministrativeExpenses": 0,
    "sellingAndMarketingExpenses": 0,
    "sellingGeneralAndAdministrativeExpenses": 2512000000,
    "otherExpenses": 157000000,
    "operatingExpenses": 5310000000,
    "costAndExpenses": 9526000000,
    "interestIncome": 15000000,
    "interestExpense": 240000000,
    "depreciationAndAmortization": 938000000,
    "ebitda": 5665000000,
    "ebitdaratio": 0.3881998218,
    "operatingIncome": 5239000000,
    "operatingIncomeRatio": 0.3590077434,
    "totalOtherIncomeExpensesNet": -580000000,
    "incomeBeforeTax": 4487000000,
    "incomeBeforeTaxRatio": 0.3074761872,
    "incomeTaxExpense": 538000000,
    "netIncome": 3944000000,
    "netIncomeRatio": 0.2702665662,
    "eps": 1.56,
    "epsdiluted": 1.55,
    "weightedAverageShsOut": 2531000000,
    "weightedAverageShsOutDil": 2540000000,
    "link": "https://www.sec.gov/Archives/edgar/data/310158/000031015822000030/0000310158-22-000030-index.htm",
    "finalLink": "https://www.sec.gov/Archives/edgar/data/310158/000031015822000030/mrk-20220630.htm"
  },
  {
    "date": "2022-03-31",
    "symbol": "MRK",
    "reportedCurrency": "USD",
    "cik": "0000310158",
    "fillingDate": "2022-05-05",
    "acceptedDate": "2022-05-05 16:28:37",
    "calendarYear": "2022",
    "period": "Q1",
    "revenue": 15901000000,
    "costOfRevenue": 5380000000,
    "grossProfit": 10521000000,
    "grossProfitRatio": 0.6616564996,
    "researchAndDevelopmentExpenses": 2576000000,
    "generalAndAdministrativeExpenses": 0,
    "sellingAndMarketingExpenses": 0,
    "sellingGeneralAndAdministrativeExpenses": 2323000000,
    "otherExpenses": 275000000,
    "operatingExpenses": 4899000000,
    "costAndExpenses": 10279000000,
    "interestIncome": 7000000,
    "interestExpense": 243000000,
    "depreciationAndAmortization": 1120000000,
    "ebitda": 6224000000,
    "ebitdaratio": 0.3914219231,
    "operatingIncome": 5904000000,
    "operatingIncomeRatio": 0.3712974027,
    "totalOtherIncomeExpensesNet": -761000000,
    "incomeBeforeTax": 4861000000,
    "incomeBeforeTaxRatio": 0.3057040438,
    "incomeTaxExpense": 554000000,
    "netIncome": 4310000000,
    "netIncomeRatio": 0.2710521351,
    "eps": 1.7,
    "epsdiluted": 1.7,
    "weightedAverageShsOut": 2528000000,
    "weightedAverageShsOutDil": 2537000000,
    "link": "https://www.sec.gov/Archives/edgar/data/310158/000031015822000011/0000310158-22-000011-index.htm",
    "finalLink": "https://www.sec.gov/Archives/edgar/data/310158/000031015822000011/mrk-20220331.htm"
  },
  {
    "date": "2021-12-31",
    "symbol": "MRK",
    "reportedCurrency": "USD",
    "cik": "0000310158",
    "fillingDate": "2022-02-25",
    "acceptedDate": "2022-02-25 16:44:28",
    "calendarYear": "2021",
    "period": "Q4",
    "revenue": 13521000000,
    "costOfRevenue": 3874000000,
    "grossProfit": 9647000000,
    "grossProfitRatio": 0.7134827306,
    "researchAndDevelopmentExpenses": 3068000000,
    "generalAndAdministrativeExpenses": 830000000,
    "sellingAndMarketingExpenses": 2000000000,
    "sellingGeneralAndAdministrativeExpenses": 2830000000,
    "otherExpenses": 224000000,
    "operatingExpenses": 5898000000,
    "costAndExpenses": 9772000000,
    "interestIncome": 9000000,
    "interestExpense": 209000000,
    "depreciationAndAmortization": 835000000,
    "ebitda": 4953000000,
    "ebitdaratio": 0.3663190592,
    "operatingIncome": 3982000000,
    "operatingIncomeRatio": 0.2945048443,
    "totalOtherIncomeExpensesNet": 160000000,
    "incomeBeforeTax": 3909000000,
    "incomeBeforeTaxRatio": 0.2891058354,
    "incomeTaxExpense": 85000000,
    "netIncome": 3758000000,
    "netIncomeRatio": 0.2779380223,
    "eps": 1.49,
    "epsdiluted": 1.48,
    "weightedAverageShsOut": 2527000000,
    "weightedAverageShsOutDil": 2535000000,
    "link": "https://www.sec.gov/Archives/edgar/data/310158/000031015822000003/0000310158-22-000003-index.htm",
    "finalLink": "https://www.sec.gov/Archives/edgar/data/310158/000031015822000003/mrk-20211231.htm"
  },
  {
    "date": "2021-09-30",
    "symbol": "MRK",
    "reportedCurrency": "USD",
    "cik": "0000310158",
    "fillingDate": "2021-11-05",
    "acceptedDate": "2021-11-05 16:09:58",
    "calendarYear": "2021",
    "period": "Q3",
    "revenue": 13154000000,
    "costOfRevenue": 3450000000,
    "grossProfit": 9704000000,
    "grossProfitRatio": 0.7377223658,
    "researchAndDevelopmentExpenses": 2445000000,
    "generalAndAdministrativeExpenses": 0,
    "sellingAndMarketingExpenses": 0,
    "sellingGeneralAndAdministrativeExpenses": 2336000000,
    "otherExpenses": 2000000,
    "operatingExpenses": 4781000000,
    "costAndExpenses": 8231000000,
    "interestIncome": 7000000,
    "interestExpense": 196000000,
    "depreciationAndAmortization": 759000000,
    "ebitda": 6221000000,
    "ebitdaratio": 0.4729359891,
    "operatingIncome": 4932000000,
    "operatingIncomeRatio": 0.3749429831,
    "totalOtherIncomeExpensesNet": 343000000,
    "incomeBeforeTax": 5266000000,
    "incomeBeforeTaxRatio": 0.400334499,
    "incomeTaxExpense": 695000000,
    "netIncome": 4567000000,
    "netIncomeRatio": 0.3471947697,
    "eps": 1.81,
    "epsdiluted": 1.8,
    "weightedAverageShsOut": 2530000000,
    "weightedAverageShsOutDil": 2536000000,
    "link": "https://www.sec.gov/Archives/edgar/data/310158/000031015821000032/0000310158-21-000032-index.htm",
    "finalLink": "https://www.sec.gov/Archives/edgar/data/310158/000031015821000032/mrk-20210930.htm"
  },
  {
    "date": "2021-06-30",
    "symbol": "MRK",
    "reportedCurrency": "USD",
    "cik": "0000310158",
    "fillingDate": "2021-08-09",
    "acceptedDate": "2021-08-09 07:07:53",
    "calendarYear": "2021",
    "period": "Q2",
    "revenue": 11402000000,
    "costOfRevenue": 3104000000,
    "grossProfit": 8298000000,
    "grossProfitRatio": 0.7277670584,
    "researchAndDevelopmentExpenses": 4321000000,
    "generalAndAdministrativeExpenses": 0,
    "sellingAndMarketingExpenses": 0,
    "sellingGeneralAndAdministrativeExpenses": 2281000000,
    "otherExpenses": 130000000,
    "operatingExpenses": 6602000000,
    "costAndExpenses": 9706000000,
    "interestIncome": 9000000,
    "interestExpense": 202000000,
    "depreciationAndAmortization": 728000000,
    "ebitda": 2609000000,
    "ebitdaratio": 0.2288195053,
    "operatingIncome": 1835000000,
    "operatingIncomeRatio": 0.1609366778,
    "totalOtherIncomeExpensesNet": 21000000,
    "incomeBeforeTax": 1717000000,
    "incomeBeforeTaxRatio": 0.1505876162,
    "incomeTaxExpense": 503000000,
    "netIncome": 1545000000,
    "netIncomeRatio": 0.1355025434,
    "eps": 0.61,
    "epsdiluted": 0.61,
    "weightedAverageShsOut": 2533000000,
    "weightedAverageShsOutDil": 2540000000,
    "link": "https://www.sec.gov/Archives/edgar/data/310158/000031015821000028/0000310158-21-000028-index.htm",
    "finalLink": "https://www.sec.gov/Archives/edgar/data/310158/000031015821000028/mrk-20210630.htm"
  },
  {
    "date": "2021-03-31",
    "symbol": "MRK",
    "reportedCurrency": "USD",
    "cik": "0000310158",
    "fillingDate": "2021-05-05",
    "acceptedDate": "2021-05-05 16:26:12",
    "calendarYear": "2021",
    "period": "Q1",
    "revenue": 10627000000,
    "costOfRevenue": 3199000000,
    "grossProfit": 7428000000,
    "grossProfitRatio": 0.6989743107,
    "researchAndDevelopmentExpenses": 2412000000,
    "generalAndAdministrativeExpenses": 0,
    "sellingAndMarketingExpenses": 0,
    "sellingGeneralAndAdministrativeExpenses": 2187000000,
    "otherExpenses": 111000000,
    "operatingExpenses": 4599000000,
    "costAndExpenses": 7798000000,
    "interestIncome": 11000000,
    "interestExpense": 200000000,
    "depreciationAndAmortization": 892000000,
    "ebitda": 3843000000,
    "ebitdaratio": 0.3616260469,
    "operatingIncome": 2951000000,
    "operatingIncomeRatio": 0.2776889056,
    "totalOtherIncomeExpensesNet": 150000000,
    "incomeBeforeTax": 3462000000,
    "incomeBeforeTaxRatio": 0.325773972,
    "incomeTaxExpense": 276000000,
    "netIncome": 3179000000,
    "netIncomeRatio": 0.2991436906,
    "eps": 1.26,
    "epsdiluted": 1.25,
    "weightedAverageShsOut": 2531303747,
    "weightedAverageShsOutDil": 2541000000,
    "link": "https://www.sec.gov/Archives/edgar/data/310158/000031015821000009/0000310158-21-000009-index.htm",
    "finalLink": "https://www.sec.gov/Archives/edgar/data/310158/000031015821000009/mrk-20210331.htm"
  },
  {
    "date": "2020-12-31",
    "symbol": "MRK",
    "reportedCurrency": "USD",
    "cik": "0000310158",
    "fillingDate": "2021-02-25",
    "acceptedDate": "2021-02-25 16:34:56",
    "calendarYear": "2020",
    "period": "Q4",
    "revenue": 12515000000,
    "costOfRevenue": 5533000000,
    "grossProfit": 6982000000,
    "grossProfitRatio": 0.5578905314,
    "researchAndDevelopmentExpenses": 5837000000,
    "generalAndAdministrativeExpenses": 1285000000,
    "sellingAndMarketingExpenses": 1800000000,
    "sellingGeneralAndAdministrativeExpenses": 3085000000,
    "otherExpenses": 134000000,
    "operatingExpenses": 8922000000,
    "costAndExpenses": 14455000000,
    "interestIncome": 11000000,
    "interestExpense": 207000000,
    "depreciationAndAmortization": 904000000,
    "ebitda": -881000000,
    "ebitdaratio": -0.0703955254,
    "operatingIncome": -1795000000,
    "operatingIncomeRatio": -0.1434278865,
    "totalOtherIncomeExpensesNet": -198000000,
    "incomeBeforeTax": -1993000000,
    "incomeBeforeTaxRatio": -0.1592489013,
    "incomeTaxExpense": 99000000,
    "netIncome": -2094000000,
    "netIncomeRatio": -0.1673192169,
    "eps": -0.83,
    "epsdiluted": -0.82,
    "weightedAverageShsOut": 2530225827,
    "weightedAverageShsOutDil": 2540000000,
    "link": "https://www.sec.gov/Archives/edgar/data/310158/000031015821000004/0000310158-21-000004-index.htm",
    "finalLink": "https://www.sec.gov/Archives/edgar/data/310158/000031015821000004/mrk-20201231.htm"
  },
  {
    "date": "2020-09-30",
    "symbol": "MRK",
    "reportedCurrency": "USD",
    "cik": "0000310158",
    "fillingDate": "2020-11-05",
    "acceptedDate": "2020-11-05 16:55:58",
    "calendarYear": "2020",
    "period": "Q3",
    "revenue": 10929000000,
    "costOfRevenue": 3013000000,
    "grossProfit": 7916000000,
    "grossProfitRatio": 0.7243114649,
    "researchAndDevelopmentExpenses": 3349000000,
    "generalAndAdministrativeExpenses": 0,
    "sellingAndMarketingExpenses": 0,
    "sellingGeneralAndAdministrativeExpenses": 2060000000,
    "otherExpenses": 156000000,
    "operatingExpenses": 5409000000,
    "costAndExpenses": 8422000000,
    "interestIncome": 9000000,
    "interestExpense": 203000000,
    "depreciationAndAmortization": 807000000,
    "ebitda": 3716000000,
    "ebitdaratio": 0.34001281,
    "operatingIncome": 2672000000,
    "operatingIncomeRatio": 0.2444871443,
    "totalOtherIncomeExpensesNet": 198000000,
    "incomeBeforeTax": 3428000000,
    "incomeBeforeTaxRatio": 0.3136609022,
    "incomeTaxExpense": 483000000,
    "netIncome": 2941000000,
    "netIncomeRatio": 0.2691005581,
    "eps": 1.16,
    "epsdiluted": 1.16,
    "weightedAverageShsOut": 2529760132,
    "weightedAverageShsOutDil": 2538000000,
    "link": "https://www.sec.gov/Archives/edgar/data/310158/000031015820000030/0000310158-20-000030-index.htm",
    "finalLink": "https://www.sec.gov/Archives/edgar/data/310158/000031015820000030/mrk-20200930.htm"
  },
  {
    "date": "2020-06-30",
    "symbol": "MRK",
    "reportedCurrency": "USD",
    "cik": "0000310158",
    "fillingDate": "2020-08-05",
    "acceptedDate": "2020-08-05 08:10:57",
    "calendarYear": "2020",
    "period": "Q2",
    "revenue": 9353000000,
    "costOfRevenue": 2747000000,
    "grossProfit": 6606000000,
    "grossProfitRatio": 0.7062974447,
    "researchAndDevelopmentExpenses": 2085000000,
    "generalAndAdministrativeExpenses": 0,
    "sellingAndMarketingExpenses": 0,
    "sellingGeneralAndAdministrativeExpenses": 2085000000,
    "otherExpenses": 55000000,
    "operatingExpenses": 4170000000,
    "costAndExpenses": 6917000000,
    "interestIncome": 14000000,
    "interestExpense": 209000000,
    "depreciationAndAmortization": 975000000,
    "ebitda": 3480000000,
    "ebitdaratio": 0.3720731316,
    "operatingIncome": 2505000000,
    "operatingIncomeRatio": 0.2678285042,
    "totalOtherIncomeExpensesNet": 307000000,
    "incomeBeforeTax": 3519000000,
    "incomeBeforeTaxRatio": 0.3762429167,
    "incomeTaxExpense": 509000000,
    "netIncome": 3002000000,
    "netIncomeRatio": 0.3209665348,
    "eps": 1.19,
    "epsdiluted": 1.18,
    "weightedAverageShsOut": 2529168427,
    "weightedAverageShsOutDil": 2536000000,
    "link": "https://www.sec.gov/Archives/edgar/data/310158/000031015820000026/0000310158-20-000026-index.htm",
    "finalLink": "https://www.sec.gov/Archives/edgar/data/310158/000031015820000026/mrk0630202010q.htm"
  },
  {
    "date": "2020-03-31",
    "symbol": "MRK",
    "reportedCurrency": "USD",
    "cik": "0000310158",
    "fillingDate": "2020-05-06",
    "acceptedDate": "2020-05-06 16:36:54",
    "calendarYear": "2020",
    "period": "Q1",
    "revenue": 12057000000,
    "costOfRevenue": 3312000000,
    "grossProfit": 8745000000,
    "grossProfitRatio": 0.7253048022,
    "researchAndDevelopmentExpenses": 2209000000,
    "generalAndAdministrativeExpenses": 0,
    "sellingAndMarketingExpenses": 0,
    "sellingGeneralAndAdministrativeExpenses": 2555000000,
    "otherExpenses": 118000000,
    "operatingExpenses": 4764000000,
    "costAndExpenses": 8076000000,
    "interestIncome": 25000000,
    "interestExpense": 212000000,
    "depreciationAndAmortization": 821000000,
    "ebitda": 4871000000,
    "ebitdaratio": 0.4039976777,
    "operatingIncome": 4124000000,
    "operatingIncomeRatio": 0.3420419673,
    "totalOtherIncomeExpensesNet": -143000000,
    "incomeBeforeTax": 3838000000,
    "incomeBeforeTaxRatio": 0.3183213071,
    "incomeTaxExpense": 619000000,
    "netIncome": 3219000000,
    "netIncomeRatio": 0.2669818363,
    "eps": 1.28,
    "epsdiluted": 1.26,
    "weightedAverageShsOut": 2524013328,
    "weightedAverageShsOutDil": 2547000000,
    "link": "https://www.sec.gov/Archives/edgar/data/310158/000031015820000009/0000310158-20-000009-index.htm",
    "finalLink": "https://www.sec.gov/Archives/edgar/data/310158/000031015820000009/mrk0331202010q.htm"
  }
]