[
  {
    "date": "2024-12-31",
    "symbol": "GILD",
    "reportedCurrency": "USD",
    "cik": "0000882095",
    "fillingDate": "2025-02-28",
    "acceptedDate": "2025-02-28 16:21:03",
    "calendarYear": "2024",
    "period": "Q4",
    "revenue": 7569000000,
    "costOfRevenue": 1581000000,
    "grossProfit": 5988000000,
    "grossProfitRatio": 0.7911216805,
    "researchAndDevelopmentExpenses": 1641000000,
    "generalAndAdministrativeExpenses": 0,
    "sellingAndMarketingExpenses": 0,
    "sellingGeneralAndAdministrativeExpenses": 1906000000,
    "otherExpenses": 0,
    "operatingExpenses": 3547000000,
    "costAndExpenses": 5117000000,
    "interestIncome": 85000000,
    "interestExpense": 248000000,
    "depreciationAndAmortization": 693000000,
    "ebitda": 3109000000,
    "ebitdaratio": 0.4107543929,
    "operatingIncome": 2451000000,
    "operatingIncomeRatio": 0.3238208482,
    "totalOtherIncomeExpensesNet": -283000000,
    "incomeBeforeTax": 2168000000,
    "incomeBeforeTaxRatio": 0.2864314969,
    "incomeTaxExpense": 385000000,
    "netIncome": 1783000000,
    "netIncomeRatio": 0.235566125,
    "eps": 1.43,
    "epsdiluted": 1.42,
    "weightedAverageShsOut": 1248000000,
    "weightedAverageShsOutDil": 1259000000,
    "link": "https://www.sec.gov/Archives/edgar/data/882095/000088209525000006/0000882095-25-000006-index.htm",
    "finalLink": "https://www.sec.gov/Archives/edgar/data/882095/000088209525000006/gild-20241231.htm"
  },
  {
    "date": "2024-09-30",
    "symbol": "GILD",
    "reportedCurrency": "USD",
    "cik": "0000882095",
    "fillingDate": "2024-11-12",
    "acceptedDate": "2024-11-12 08:36:10",
    "calendarYear": "2024",
    "period": "Q3",
    "revenue": 7545000000,
    "costOfRevenue": 1574000000,
    "grossProfit": 5971000000,
    "grossProfitRatio": 0.7913850232,
    "researchAndDevelopmentExpenses": 1395000000,
    "generalAndAdministrativeExpenses": 0,
    "sellingAndMarketingExpenses": 0,
    "sellingGeneralAndAdministrativeExpenses": 1433000000,
    "otherExpenses": 2255000000,
    "operatingExpenses": 5083000000,
    "costAndExpenses": 6657000000,
    "interestIncome": 52000000,
    "interestExpense": 237000000,
    "depreciationAndAmortization": 690000000,
    "ebitda": 1884000000,
    "ebitdaratio": 0.2497017893,
    "operatingIncome": 888000000,
    "operatingIncomeRatio": 0.117693837,
    "totalOtherIncomeExpensesNet": 68000000,
    "incomeBeforeTax": 956000000,
    "incomeBeforeTaxRatio": 0.1267064281,
    "incomeTaxExpense": -297000000,
    "netIncome": 1253000000,
    "netIncomeRatio": 0.1660702452,
    "eps": 1,
    "epsdiluted": 1,
    "weightedAverageShsOut": 1247000000,
    "weightedAverageShsOutDil": 1254000000,
    "link": "https://www.sec.gov/Archives/edgar/data/882095/000088209524000028/0000882095-24-000028-index.htm",
    "finalLink": "https://www.sec.gov/Archives/edgar/data/882095/000088209524000028/gild-20240930.htm"
  },
  {
    "date": "2024-06-30",
    "symbol": "GILD",
    "reportedCurrency": "USD",
    "cik": "0000882095",
    "fillingDate": "2024-08-08",
    "acceptedDate": "2024-08-08 17:17:59",
    "calendarYear": "2024",
    "period": "Q2",
    "revenue": 6949000000,
    "costOfRevenue": 1544000000,
    "grossProfit": 5405000000,
    "grossProfitRatio": 0.7778097568,
    "researchAndDevelopmentExpenses": 1348000000,
    "generalAndAdministrativeExpenses": 0,
    "sellingAndMarketingExpenses": 0,
    "sellingGeneralAndAdministrativeExpenses": 1369000000,
    "otherExpenses": -355000000,
    "operatingExpenses": 2717000000,
    "costAndExpenses": 4261000000,
    "interestIncome": 0,
    "interestExpense": 237000000,
    "depreciationAndAmortization": 694000000,
    "ebitda": 2983000000,
    "ebitdaratio": 0.4292703986,
    "operatingIncome": 2688000000,
    "operatingIncomeRatio": 0.3868182472,
    "totalOtherIncomeExpensesNet": -635000000,
    "incomeBeforeTax": 2053000000,
    "incomeBeforeTaxRatio": 0.2954381925,
    "incomeTaxExpense": 438000000,
    "netIncome": 1614000000,
    "netIncomeRatio": 0.2322636351,
    "eps": 1.29,
    "epsdiluted": 1.29,
    "weightedAverageShsOut": 1247000000,
    "weightedAverageShsOutDil": 1251000000,
    "link": "https://www.sec.gov/Archives/edgar/data/882095/000088209524000022/0000882095-24-000022-index.htm",
    "finalLink": "https://www.sec.gov/Archives/edgar/data/882095/000088209524000022/gild-20240630.htm"
  },
  {
    "date": "2024-03-31",
    "symbol": "GILD",
    "reportedCurrency": "USD",
    "cik": "0000882095",
    "fillingDate": "2024-05-08",
    "acceptedDate": "2024-05-08 16:58:20",
    "calendarYear": "2024",
    "period": "Q1",
    "revenue": 6686000000,
    "costOfRevenue": 1552000000,
    "grossProfit": 5134000000,
    "grossProfitRatio": 0.7678731678,
    "researchAndDevelopmentExpenses": 1470000000,
    "generalAndAdministrativeExpenses": 0,
    "sellingAndMarketingExpenses": 0,
    "sellingGeneralAndAdministrativeExpenses": 1362000000,
    "otherExpenses": 91000000,
    "operatingExpenses": 2832000000,
    "costAndExpenses": 4384000000,
    "interestIncome": 0,
    "interestExpense": 254000000,
    "depreciationAndAmortization": 690000000,
    "ebitda": -3541000000,
    "ebitdaratio": -0.5296141191,
    "operatingIncome": 2302000000,
    "operatingIncomeRatio": 0.3443015256,
    "totalOtherIncomeExpensesNet": -6788000000,
    "incomeBeforeTax": -4486000000,
    "incomeBeforeTaxRatio": -0.6709542327,
    "incomeTaxExpense": -315000000,
    "netIncome": -4170000000,
    "netIncomeRatio": -0.6236912952,
    "eps": -3.34,
    "epsdiluted": -3.34,
    "weightedAverageShsOut": 1247000000,
    "weightedAverageShsOutDil": 1247000000,
    "link": "https://www.sec.gov/Archives/edgar/data/882095/000088209524000013/0000882095-24-000013-index.htm",
    "finalLink": "https://www.sec.gov/Archives/edgar/data/882095/000088209524000013/gild-20240331.htm"
  },
  {
    "date": "2023-12-31",
    "symbol": "GILD",
    "reportedCurrency": "USD",
    "cik": "0000882095",
    "fillingDate": "2024-02-23",
    "acceptedDate": "2024-02-23 16:44:27",
    "calendarYear": "2023",
    "period": "Q4",
    "revenue": 7115000000,
    "costOfRevenue": 1560000000,
    "grossProfit": 5555000000,
    "grossProfitRatio": 0.7807449051,
    "researchAndDevelopmentExpenses": 1452000000,
    "generalAndAdministrativeExpenses": 771000000,
    "sellingAndMarketingExpenses": 826000000,
    "sellingGeneralAndAdministrativeExpenses": 1597000000,
    "otherExpenses": 293000000,
    "operatingExpenses": 3049000000,
    "costAndExpenses": 4609000000,
    "interestIncome": 252000000,
    "interestExpense": 252000000,
    "depreciationAndAmortization": 688000000,
    "ebitda": 2593000000,
    "ebitdaratio": 0.3644413212,
    "operatingIncome": 2506000000,
    "operatingIncomeRatio": 0.3522136332,
    "totalOtherIncomeExpensesNet": 41000000,
    "incomeBeforeTax": 1653000000,
    "incomeBeforeTaxRatio": 0.2323260717,
    "incomeTaxExpense": 236000000,
    "netIncome": 1429000000,
    "netIncomeRatio": 0.2008432888,
    "eps": 1.15,
    "epsdiluted": 1.14,
    "weightedAverageShsOut": 1248000000,
    "weightedAverageShsOutDil": 1256000000,
    "link": "https://www.sec.gov/Archives/edgar/data/882095/000088209524000007/0000882095-24-000007-index.htm",
    "finalLink": "https://www.sec.gov/Archives/edgar/data/882095/000088209524000007/gild-20231231.htm"
  },
  {
    "date": "2023-09-30",
    "symbol": "GILD",
    "reportedCurrency": "USD",
    "cik": "0000882095",
    "fillingDate": "2023-11-07",
    "acceptedDate": "2023-11-07 17:18:43",
    "calendarYear": "2023",
    "period": "Q3",
    "revenue": 7050000000,
    "costOfRevenue": 1565000000,
    "grossProfit": 5485000000,
    "grossProfitRatio": 0.7780141844,
    "researchAndDevelopmentExpenses": 1457000000,
    "generalAndAdministrativeExpenses": 0,
    "sellingAndMarketingExpenses": 0,
    "sellingGeneralAndAdministrativeExpenses": 1315000000,
    "otherExpenses": -72000000,
    "operatingExpenses": 2772000000,
    "costAndExpenses": 4337000000,
    "interestIncome": 232000000,
    "interestExpense": 232000000,
    "depreciationAndAmortization": 684000000,
    "ebitda": 3235000000,
    "ebitdaratio": 0.4588652482,
    "operatingIncome": 2623000000,
    "operatingIncomeRatio": 0.3720567376,
    "totalOtherIncomeExpensesNet": -305000000,
    "incomeBeforeTax": 2318000000,
    "incomeBeforeTaxRatio": 0.3287943262,
    "incomeTaxExpense": 146000000,
    "netIncome": 2180000000,
    "netIncomeRatio": 0.3092198582,
    "eps": 1.75,
    "epsdiluted": 1.73,
    "weightedAverageShsOut": 1248000000,
    "weightedAverageShsOutDil": 1257000000,
    "link": "https://www.sec.gov/Archives/edgar/data/882095/000088209523000031/0000882095-23-000031-index.htm",
    "finalLink": "https://www.sec.gov/Archives/edgar/data/882095/000088209523000031/gild-20230930.htm"
  },
  {
    "date": "2023-06-30",
    "symbol": "GILD",
    "reportedCurrency": "USD",
    "cik": "0000882095",
    "fillingDate": "2023-08-04",
    "acceptedDate": "2023-08-04 16:06:43",
    "calendarYear": "2023",
    "period": "Q2",
    "revenue": 6599000000,
    "costOfRevenue": 1442000000,
    "grossProfit": 5157000000,
    "grossProfitRatio": 0.7814820427,
    "researchAndDevelopmentExpenses": 1407000000,
    "generalAndAdministrativeExpenses": 0,
    "sellingAndMarketingExpenses": 0,
    "sellingGeneralAndAdministrativeExpenses": 1849000000,
    "otherExpenses": 152000000,
    "operatingExpenses": 3256000000,
    "costAndExpenses": 4698000000,
    "interestIncome": 230000000,
    "interestExpense": 230000000,
    "depreciationAndAmortization": 681000000,
    "ebitda": 2498000000,
    "ebitdaratio": 0.3785422034,
    "operatingIncome": 1665000000,
    "operatingIncomeRatio": 0.2523109562,
    "totalOtherIncomeExpensesNet": -77000000,
    "incomeBeforeTax": 1588000000,
    "incomeBeforeTaxRatio": 0.2406425216,
    "incomeTaxExpense": 549000000,
    "netIncome": 1045000000,
    "netIncomeRatio": 0.1583573269,
    "eps": 0.84,
    "epsdiluted": 0.83,
    "weightedAverageShsOut": 1249000000,
    "weightedAverageShsOutDil": 1258000000,
    "link": "https://www.sec.gov/Archives/edgar/data/882095/000088209523000025/0000882095-23-000025-index.htm",
    "finalLink": "https://www.sec.gov/Archives/edgar/data/882095/000088209523000025/gild-20230630.htm"
  },
  {
    "date": "2023-03-31",
    "symbol": "GILD",
    "reportedCurrency": "USD",
    "cik": "0000882095",
    "fillingDate": "2023-05-03",
    "acceptedDate": "2023-05-03 16:06:40",
    "calendarYear": "2023",
    "period": "Q1",
    "revenue": 6352000000,
    "costOfRevenue": 1401000000,
    "grossProfit": 4951000000,
    "grossProfitRatio": 0.7794395466,
    "researchAndDevelopmentExpenses": 1447000000,
    "generalAndAdministrativeExpenses": 0,
    "sellingAndMarketingExpenses": 0,
    "sellingGeneralAndAdministrativeExpenses": 1319000000,
    "otherExpenses": -174000000,
    "operatingExpenses": 2766000000,
    "costAndExpenses": 4167000000,
    "interestIncome": 230000000,
    "interestExpense": 230000000,
    "depreciationAndAmortization": 640000000,
    "ebitda": 2170000000,
    "ebitdaratio": 0.3416246851,
    "operatingIncome": 1705000000,
    "operatingIncomeRatio": 0.2684193955,
    "totalOtherIncomeExpensesNet": -405000000,
    "incomeBeforeTax": 1300000000,
    "incomeBeforeTaxRatio": 0.2046599496,
    "incomeTaxExpense": 316000000,
    "netIncome": 1010000000,
    "netIncomeRatio": 0.1590050378,
    "eps": 0.81,
    "epsdiluted": 0.8,
    "weightedAverageShsOut": 1248000000,
    "weightedAverageShsOutDil": 1261000000,
    "link": "https://www.sec.gov/Archives/edgar/data/882095/000088209523000017/0000882095-23-000017-index.htm",
    "finalLink": "https://www.sec.gov/Archives/edgar/data/882095/000088209523000017/gild-20230331.htm"
  },
  {
    "date": "2022-12-31",
    "symbol": "GILD",
    "reportedCurrency": "USD",
    "cik": "0000882095",
    "fillingDate": "2023-02-22",
    "acceptedDate": "2023-02-22 16:18:52",
    "calendarYear": "2022",
    "period": "Q4",
    "revenue": 7389000000,
    "costOfRevenue": 1396000000,
    "grossProfit": 5993000000,
    "grossProfitRatio": 0.8110705102,
    "researchAndDevelopmentExpenses": 1548000000,
    "generalAndAdministrativeExpenses": 1242000000,
    "sellingAndMarketingExpenses": 778000000,
    "sellingGeneralAndAdministrativeExpenses": 2020000000,
    "otherExpenses": -9000000,
    "operatingExpenses": 3568000000,
    "costAndExpenses": 4964000000,
    "interestIncome": 226000000,
    "interestExpense": 227000000,
    "depreciationAndAmortization": 528000000,
    "ebitda": 2786000000,
    "ebitdaratio": 0.3770469617,
    "operatingIncome": 2267000000,
    "operatingIncomeRatio": 0.3068074164,
    "totalOtherIncomeExpensesNet": -236000000,
    "incomeBeforeTax": 2031000000,
    "incomeBeforeTaxRatio": 0.2748680471,
    "incomeTaxExpense": 398000000,
    "netIncome": 1640000000,
    "netIncomeRatio": 0.2219515496,
    "eps": 1.31,
    "epsdiluted": 1.3,
    "weightedAverageShsOut": 1252000000,
    "weightedAverageShsOutDil": 1264000000,
    "link": "https://www.sec.gov/Archives/edgar/data/882095/000088209523000007/0000882095-23-000007-index.htm",
    "finalLink": "https://www.sec.gov/Archives/edgar/data/882095/000088209523000007/gild-20221231.htm"
  },
  {
    "date": "2022-09-30",
    "symbol": "GILD",
    "reportedCurrency": "USD",
    "cik": "0000882095",
    "fillingDate": "2022-11-02",
    "acceptedDate": "2022-11-02 17:02:58",
    "calendarYear": "2022",
    "period": "Q3",
    "revenue": 7042000000,
    "costOfRevenue": 1395000000,
    "grossProfit": 5647000000,
    "grossProfitRatio": 0.8019028685,
    "researchAndDevelopmentExpenses": 1149000000,
    "generalAndAdministrativeExpenses": 0,
    "sellingAndMarketingExpenses": 0,
    "sellingGeneralAndAdministrativeExpenses": 1213000000,
    "otherExpenses": -176000000,
    "operatingExpenses": 2362000000,
    "costAndExpenses": 3757000000,
    "interestIncome": 229000000,
    "interestExpense": 229000000,
    "depreciationAndAmortization": 525000000,
    "ebitda": 3186000000,
    "ebitdaratio": 0.4524282874,
    "operatingIncome": 2837000000,
    "operatingIncomeRatio": 0.4028685033,
    "totalOtherIncomeExpensesNet": -405000000,
    "incomeBeforeTax": 2432000000,
    "incomeBeforeTaxRatio": 0.3453564328,
    "incomeTaxExpense": 646000000,
    "netIncome": 1789000000,
    "netIncomeRatio": 0.2540471457,
    "eps": 1.43,
    "epsdiluted": 1.42,
    "weightedAverageShsOut": 1255000000,
    "weightedAverageShsOutDil": 1261000000,
    "link": "https://www.sec.gov/Archives/edgar/data/882095/000088209522000027/0000882095-22-000027-index.htm",
    "finalLink": "https://www.sec.gov/Archives/edgar/data/882095/000088209522000027/gild-20220930.htm"
  },
  {
    "date": "2022-06-30",
    "symbol": "GILD",
    "reportedCurrency": "USD",
    "cik": "0000882095",
    "fillingDate": "2022-08-08",
    "acceptedDate": "2022-08-08 16:43:34",
    "calendarYear": "2022",
    "period": "Q2",
    "revenue": 6260000000,
    "costOfRevenue": 1442000000,
    "grossProfit": 4818000000,
    "grossProfitRatio": 0.7696485623,
    "researchAndDevelopmentExpenses": 1102000000,
    "generalAndAdministrativeExpenses": 0,
    "sellingAndMarketingExpenses": 0,
    "sellingGeneralAndAdministrativeExpenses": 1357000000,
    "otherExpenses": -284000000,
    "operatingExpenses": 2459000000,
    "costAndExpenses": 3901000000,
    "interestIncome": 0,
    "interestExpense": 242000000,
    "depreciationAndAmortization": 525000000,
    "ebitda": 2270000000,
    "ebitdaratio": 0.3626198083,
    "operatingIncome": 2029000000,
    "operatingIncomeRatio": 0.3241214058,
    "totalOtherIncomeExpensesNet": -526000000,
    "incomeBeforeTax": 1503000000,
    "incomeBeforeTaxRatio": 0.2400958466,
    "incomeTaxExpense": 368000000,
    "netIncome": 1144000000,
    "netIncomeRatio": 0.1827476038,
    "eps": 0.91,
    "epsdiluted": 0.91,
    "weightedAverageShsOut": 1256000000,
    "weightedAverageShsOutDil": 1260000000,
    "link": "https://www.sec.gov/Archives/edgar/data/882095/000088209522000019/0000882095-22-000019-index.htm",
    "finalLink": "https://www.sec.gov/Archives/edgar/data/882095/000088209522000019/gild-20220630.htm"
  },
  {
    "date": "2022-03-31",
    "symbol": "GILD",
    "reportedCurrency": "USD",
    "cik": "0000882095",
    "fillingDate": "2022-05-04",
    "acceptedDate": "2022-05-04 16:26:13",
    "calendarYear": "2022",
    "period": "Q1",
    "revenue": 6590000000,
    "costOfRevenue": 1424000000,
    "grossProfit": 5166000000,
    "grossProfitRatio": 0.7839150228,
    "researchAndDevelopmentExpenses": 3886000000,
    "generalAndAdministrativeExpenses": 0,
    "sellingAndMarketingExpenses": 0,
    "sellingGeneralAndAdministrativeExpenses": 1083000000,
    "otherExpenses": -111000000,
    "operatingExpenses": 4969000000,
    "costAndExpenses": 6393000000,
    "interestIncome": 0,
    "interestExpense": 238000000,
    "depreciationAndAmortization": 525000000,
    "ebitda": 611000000,
    "ebitdaratio": 0.0927162367,
    "operatingIncome": -439000000,
    "operatingIncomeRatio": -0.066616085,
    "totalOtherIncomeExpensesNet": -349000000,
    "incomeBeforeTax": -152000000,
    "incomeBeforeTaxRatio": -0.0230652504,
    "incomeTaxExpense": -164000000,
    "netIncome": 12000000,
    "netIncomeRatio": 0.0018209408,
    "eps": 0.0096,
    "epsdiluted": 0.0095,
    "weightedAverageShsOut": 1255000000,
    "weightedAverageShsOutDil": 1262000000,
    "link": "https://www.sec.gov/Archives/edgar/data/882095/000088209522000013/0000882095-22-000013-index.htm",
    "finalLink": "https://www.sec.gov/Archives/edgar/data/882095/000088209522000013/gild-20220331.htm"
  },
  {
    "date": "2021-12-31",
    "symbol": "GILD",
    "reportedCurrency": "USD",
    "cik": "0000882095",
    "fillingDate": "2022-02-23",
    "acceptedDate": "2022-02-23 16:55:27",
    "calendarYear": "2021",
    "period": "Q4",
    "revenue": 7244000000,
    "costOfRevenue": 2627000000,
    "grossProfit": 4617000000,
    "grossProfitRatio": 0.6373550525,
    "researchAndDevelopmentExpenses": 2027000000,
    "generalAndAdministrativeExpenses": 915000000,
    "sellingAndMarketingExpenses": 735000000,
    "sellingGeneralAndAdministrativeExpenses": 1650000000,
    "otherExpenses": 57000000,
    "operatingExpenses": 3677000000,
    "costAndExpenses": 6304000000,
    "interestIncome": 0,
    "interestExpense": 238000000,
    "depreciationAndAmortization": 535000000,
    "ebitda": 1532000000,
    "ebitdaratio": 0.2114853672,
    "operatingIncome": 940000000,
    "operatingIncomeRatio": 0.1297625621,
    "totalOtherIncomeExpensesNet": -181000000,
    "incomeBeforeTax": 759000000,
    "incomeBeforeTaxRatio": 0.1047763666,
    "incomeTaxExpense": 383000000,
    "netIncome": 382000000,
    "netIncomeRatio": 0.0527332965,
    "eps": 0.3,
    "epsdiluted": 0.3,
    "weightedAverageShsOut": 1256000000,
    "weightedAverageShsOutDil": 1262000000,
    "link": "https://www.sec.gov/Archives/edgar/data/882095/000088209522000007/0000882095-22-000007-index.htm",
    "finalLink": "https://www.sec.gov/Archives/edgar/data/882095/000088209522000007/gild-20211231.htm"
  },
  {
    "date": "2021-09-30",
    "symbol": "GILD",
    "reportedCurrency": "USD",
    "cik": "0000882095",
    "fillingDate": "2021-11-03",
    "acceptedDate": "2021-11-03 16:30:01",
    "calendarYear": "2021",
    "period": "Q3",
    "revenue": 7421000000,
    "costOfRevenue": 1223000000,
    "grossProfit": 6198000000,
    "grossProfitRatio": 0.8351974127,
    "researchAndDevelopmentExpenses": 1147000000,
    "generalAndAdministrativeExpenses": 0,
    "sellingAndMarketingExpenses": 0,
    "sellingGeneralAndAdministrativeExpenses": 1190000000,
    "otherExpenses": -154000000,
    "operatingExpenses": 2337000000,
    "costAndExpenses": 3560000000,
    "interestIncome": 0,
    "interestExpense": 250000000,
    "depreciationAndAmortization": 478000000,
    "ebitda": 4166000000,
    "ebitdaratio": 0.5613798679,
    "operatingIncome": 3842000000,
    "operatingIncomeRatio": 0.5177199838,
    "totalOtherIncomeExpensesNet": -404000000,
    "incomeBeforeTax": 3438000000,
    "incomeBeforeTaxRatio": 0.4632798814,
    "incomeTaxExpense": 852000000,
    "netIncome": 2592000000,
    "netIncomeRatio": 0.3492790729,
    "eps": 2.06,
    "epsdiluted": 2.05,
    "weightedAverageShsOut": 1256000000,
    "weightedAverageShsOutDil": 1262000000,
    "link": "https://www.sec.gov/Archives/edgar/data/882095/000088209521000029/0000882095-21-000029-index.htm",
    "finalLink": "https://www.sec.gov/Archives/edgar/data/882095/000088209521000029/gild-20210930.htm"
  },
  {
    "date": "2021-06-30",
    "symbol": "GILD",
    "reportedCurrency": "USD",
    "cik": "0000882095",
    "fillingDate": "2021-08-05",
    "acceptedDate": "2021-08-05 16:09:19",
    "calendarYear": "2021",
    "period": "Q2",
    "revenue": 6217000000,
    "costOfRevenue": 1390000000,
    "grossProfit": 4827000000,
    "grossProfitRatio": 0.7764194949,
    "researchAndDevelopmentExpenses": 1134000000,
    "generalAndAdministrativeExpenses": 0,
    "sellingAndMarketingExpenses": 0,
    "sellingGeneralAndAdministrativeExpenses": 1351000000,
    "otherExpenses": -173000000,
    "operatingExpenses": 2485000000,
    "costAndExpenses": 3875000000,
    "interestIncome": 0,
    "interestExpense": 256000000,
    "depreciationAndAmortization": 564000000,
    "ebitda": 2637000000,
    "ebitdaratio": 0.4241595625,
    "operatingIncome": 2246000000,
    "operatingIncomeRatio": 0.3612674924,
    "totalOtherIncomeExpensesNet": -429000000,
    "incomeBeforeTax": 1817000000,
    "incomeBeforeTaxRatio": 0.2922631494,
    "incomeTaxExpense": 300000000,
    "netIncome": 1522000000,
    "netIncomeRatio": 0.2448126106,
    "eps": 1.21,
    "epsdiluted": 1.21,
    "weightedAverageShsOut": 1255000000,
    "weightedAverageShsOutDil": 1260000000,
    "link": "https://www.sec.gov/Archives/edgar/data/882095/000088209521000021/0000882095-21-000021-index.htm",
    "finalLink": "https://www.sec.gov/Archives/edgar/data/882095/000088209521000021/gild-20210630.htm"
  },
  {
    "date": "2021-03-31",
    "symbol": "GILD",
    "reportedCurrency": "USD",
    "cik": "0000882095",
    "fillingDate": "2021-05-06",
    "acceptedDate": "2021-05-06 16:11:56",
    "calendarYear": "2021",
    "period": "Q1",
    "revenue": 6423000000,
    "costOfRevenue": 1361000000,
    "grossProfit": 5062000000,
    "grossProfitRatio": 0.7881052468,
    "researchAndDevelopmentExpenses": 1055000000,
    "generalAndAdministrativeExpenses": 0,
    "sellingAndMarketingExpenses": 0,
    "sellingGeneralAndAdministrativeExpenses": 1055000000,
    "otherExpenses": -369000000,
    "operatingExpenses": 2110000000,
    "costAndExpenses": 3471000000,
    "interestIncome": 0,
    "interestExpense": 257000000,
    "depreciationAndAmortization": 473000000,
    "ebitda": 2994000000,
    "ebitdaratio": 0.466137319,
    "operatingIncome": 2890000000,
    "operatingIncomeRatio": 0.4499455083,
    "totalOtherIncomeExpensesNet": -626000000,
    "incomeBeforeTax": 2264000000,
    "incomeBeforeTaxRatio": 0.3524832633,
    "incomeTaxExpense": 542000000,
    "netIncome": 1729000000,
    "netIncomeRatio": 0.2691888526,
    "eps": 1.38,
    "epsdiluted": 1.37,
    "weightedAverageShsOut": 1256000000,
    "weightedAverageShsOutDil": 1262000000,
    "link": "https://www.sec.gov/Archives/edgar/data/882095/000088209521000013/0000882095-21-000013-index.htm",
    "finalLink": "https://www.sec.gov/Archives/edgar/data/882095/000088209521000013/gild-20210331.htm"
  },
  {
    "date": "2020-12-31",
    "symbol": "GILD",
    "reportedCurrency": "USD",
    "cik": "0000882095",
    "fillingDate": "2021-02-25",
    "acceptedDate": "2021-02-25 16:15:23",
    "calendarYear": "2020",
    "period": "Q4",
    "revenue": 7421000000,
    "costOfRevenue": 1398000000,
    "grossProfit": 6023000000,
    "grossProfitRatio": 0.8116156852,
    "researchAndDevelopmentExpenses": 1578000000,
    "generalAndAdministrativeExpenses": 935000000,
    "sellingAndMarketingExpenses": 795000000,
    "sellingGeneralAndAdministrativeExpenses": 1730000000,
    "otherExpenses": -570000000,
    "operatingExpenses": 3308000000,
    "costAndExpenses": 4706000000,
    "interestIncome": 0,
    "interestExpense": 267000000,
    "depreciationAndAmortization": 427000000,
    "ebitda": 2508000000,
    "ebitdaratio": 0.3379598437,
    "operatingIncome": 2651000000,
    "operatingIncomeRatio": 0.3572294839,
    "totalOtherIncomeExpensesNet": -837000000,
    "incomeBeforeTax": 1814000000,
    "incomeBeforeTaxRatio": 0.2444414499,
    "incomeTaxExpense": 270000000,
    "netIncome": 1551000000,
    "netIncomeRatio": 0.2090014823,
    "eps": 1.24,
    "epsdiluted": 1.23,
    "weightedAverageShsOut": 1255000000,
    "weightedAverageShsOutDil": 1259000000,
    "link": "https://www.sec.gov/Archives/edgar/data/882095/000088209521000008/0000882095-21-000008-index.htm",
    "finalLink": "https://www.sec.gov/Archives/edgar/data/882095/000088209521000008/gild-20201231.htm"
  },
  {
    "date": "2020-09-30",
    "symbol": "GILD",
    "reportedCurrency": "USD",
    "cik": "0000882095",
    "fillingDate": "2020-11-04",
    "acceptedDate": "2020-11-03 19:12:14",
    "calendarYear": "2020",
    "period": "Q3",
    "revenue": 6577000000,
    "costOfRevenue": 1141000000,
    "grossProfit": 5436000000,
    "grossProfitRatio": 0.8265166489,
    "researchAndDevelopmentExpenses": 1158000000,
    "generalAndAdministrativeExpenses": 0,
    "sellingAndMarketingExpenses": 0,
    "sellingGeneralAndAdministrativeExpenses": 1106000000,
    "otherExpenses": -940000000,
    "operatingExpenses": 2264000000,
    "costAndExpenses": 3405000000,
    "interestIncome": 0,
    "interestExpense": 236000000,
    "depreciationAndAmortization": 355000000,
    "ebitda": 1416000000,
    "ebitdaratio": 0.2152957275,
    "operatingIncome": 2001000000,
    "operatingIncomeRatio": 0.3042420556,
    "totalOtherIncomeExpensesNet": -1176000000,
    "incomeBeforeTax": 825000000,
    "incomeBeforeTaxRatio": 0.1254371294,
    "incomeTaxExpense": 472000000,
    "netIncome": 360000000,
    "netIncomeRatio": 0.0547362019,
    "eps": 0.29,
    "epsdiluted": 0.29,
    "weightedAverageShsOut": 1255000000,
    "weightedAverageShsOutDil": 1261000000,
    "link": "https://www.sec.gov/Archives/edgar/data/882095/000088209520000027/0000882095-20-000027-index.htm",
    "finalLink": "https://www.sec.gov/Archives/edgar/data/882095/000088209520000027/gild-20200930.htm"
  },
  {
    "date": "2020-06-30",
    "symbol": "GILD",
    "reportedCurrency": "USD",
    "cik": "0000882095",
    "fillingDate": "2020-08-06",
    "acceptedDate": "2020-08-06 16:06:17",
    "calendarYear": "2020",
    "period": "Q2",
    "revenue": 5143000000,
    "costOfRevenue": 1064000000,
    "grossProfit": 4079000000,
    "grossProfitRatio": 0.7931168579,
    "researchAndDevelopmentExpenses": 1299000000,
    "generalAndAdministrativeExpenses": 0,
    "sellingAndMarketingExpenses": 0,
    "sellingGeneralAndAdministrativeExpenses": 1239000000,
    "otherExpenses": 250000000,
    "operatingExpenses": 2538000000,
    "costAndExpenses": 3602000000,
    "interestIncome": 0,
    "interestExpense": 240000000,
    "depreciationAndAmortization": 349000000,
    "ebitda": -2383000000,
    "ebitdaratio": -0.4633482403,
    "operatingIncome": -2983000000,
    "operatingIncomeRatio": -0.5800116663,
    "totalOtherIncomeExpensesNet": 10000000,
    "incomeBeforeTax": -2973000000,
    "incomeBeforeTaxRatio": -0.5780672759,
    "incomeTaxExpense": 373000000,
    "netIncome": -3339000000,
    "netIncomeRatio": -0.6492319658,
    "eps": -2.66,
    "epsdiluted": -2.66,
    "weightedAverageShsOut": 1255000000,
    "weightedAverageShsOutDil": 1255000000,
    "link": "https://www.sec.gov/Archives/edgar/data/882095/000088209520000019/0000882095-20-000019-index.htm",
    "finalLink": "https://www.sec.gov/Archives/edgar/data/882095/000088209520000019/gild-20200630.htm"
  },
  {
    "date": "2020-03-31",
    "symbol": "GILD",
    "reportedCurrency": "USD",
    "cik": "0000882095",
    "fillingDate": "2020-05-06",
    "acceptedDate": "2020-05-05 19:03:19",
    "calendarYear": "2020",
    "period": "Q1",
    "revenue": 5548000000,
    "costOfRevenue": 969000000,
    "grossProfit": 4579000000,
    "grossProfitRatio": 0.8253424658,
    "researchAndDevelopmentExpenses": 1101000000,
    "generalAndAdministrativeExpenses": 0,
    "sellingAndMarketingExpenses": 0,
    "sellingGeneralAndAdministrativeExpenses": 1076000000,
    "otherExpenses": -158000000,
    "operatingExpenses": 2177000000,
    "costAndExpenses": 3146000000,
    "interestIncome": 0,
    "interestExpense": 241000000,
    "depreciationAndAmortization": 349000000,
    "ebitda": 2593000000,
    "ebitdaratio": 0.4673756309,
    "operatingIncome": 2402000000,
    "operatingIncomeRatio": 0.4329488104,
    "totalOtherIncomeExpensesNet": -399000000,
    "incomeBeforeTax": 2003000000,
    "incomeBeforeTaxRatio": 0.3610310022,
    "incomeTaxExpense": 465000000,
    "netIncome": 1551000000,
    "netIncomeRatio": 0.2795602019,
    "eps": 1.23,
    "epsdiluted": 1.22,
    "weightedAverageShsOut": 1262000000,
    "weightedAverageShsOutDil": 1270000000,
    "link": "https://www.sec.gov/Archives/edgar/data/882095/000088209520000013/0000882095-20-000013-index.htm",
    "finalLink": "https://www.sec.gov/Archives/edgar/data/882095/000088209520000013/q120form10-q.htm"
  }
]