[
  {
    "date": "2024-12-31",
    "symbol": "GILD",
    "reportedCurrency": "USD",
    "cik": "0000882095",
    "fillingDate": "2025-02-28",
    "acceptedDate": "2025-02-28 16:21:03",
    "calendarYear": "2024",
    "period": "FY",
    "revenue": 28754000000,
    "costOfRevenue": 6251000000,
    "grossProfit": 22503000000,
    "grossProfitRatio": 0.7826041594,
    "researchAndDevelopmentExpenses": 5907000000,
    "generalAndAdministrativeExpenses": 0,
    "sellingAndMarketingExpenses": 0,
    "sellingGeneralAndAdministrativeExpenses": 6091000000,
    "otherExpenses": 8843000000,
    "operatingExpenses": 20841000000,
    "costAndExpenses": 27092000000,
    "interestIncome": 281000000,
    "interestExpense": 977000000,
    "depreciationAndAmortization": -5000000,
    "ebitda": 1662000000,
    "ebitdaratio": 0.0578006538,
    "operatingIncome": 1662000000,
    "operatingIncomeRatio": 0.0578006538,
    "totalOtherIncomeExpensesNet": -972000000,
    "incomeBeforeTax": 690000000,
    "incomeBeforeTaxRatio": 0.0239966613,
    "incomeTaxExpense": 211000000,
    "netIncome": 480000000,
    "netIncomeRatio": 0.0166933296,
    "eps": 0.38,
    "epsdiluted": 0.38,
    "weightedAverageShsOut": 1247000000,
    "weightedAverageShsOutDil": 1255000000,
    "link": "https://www.sec.gov/Archives/edgar/data/882095/000088209525000006/0000882095-25-000006-index.htm",
    "finalLink": "https://www.sec.gov/Archives/edgar/data/882095/000088209525000006/gild-20241231.htm"
  },
  {
    "date": "2023-12-31",
    "symbol": "GILD",
    "reportedCurrency": "USD",
    "cik": "0000882095",
    "fillingDate": "2024-02-23",
    "acceptedDate": "2024-02-23 16:44:27",
    "calendarYear": "2023",
    "period": "FY",
    "revenue": 27116000000,
    "costOfRevenue": 6498000000,
    "grossProfit": 20618000000,
    "grossProfitRatio": 0.7603628854,
    "researchAndDevelopmentExpenses": 6923000000,
    "generalAndAdministrativeExpenses": 5264000000,
    "sellingAndMarketingExpenses": 826000000,
    "sellingGeneralAndAdministrativeExpenses": 6090000000,
    "otherExpenses": 0,
    "operatingExpenses": 13669000000,
    "costAndExpenses": 19688000000,
    "interestIncome": 0,
    "interestExpense": 944000000,
    "depreciationAndAmortization": 2693000000,
    "ebitda": 10496000000,
    "ebitdaratio": 0.3870777401,
    "operatingIncome": 7605000000,
    "operatingIncomeRatio": 0.28046172,
    "totalOtherIncomeExpensesNet": -746000000,
    "incomeBeforeTax": 6859000000,
    "incomeBeforeTaxRatio": 0.2529502877,
    "incomeTaxExpense": 1247000000,
    "netIncome": 5665000000,
    "netIncomeRatio": 0.2089172444,
    "eps": 4.54,
    "epsdiluted": 4.5,
    "weightedAverageShsOut": 1248000000,
    "weightedAverageShsOutDil": 1258000000,
    "link": "https://www.sec.gov/Archives/edgar/data/882095/000088209524000007/0000882095-24-000007-index.htm",
    "finalLink": "https://www.sec.gov/Archives/edgar/data/882095/000088209524000007/gild-20231231.htm"
  },
  {
    "date": "2022-12-31",
    "symbol": "GILD",
    "reportedCurrency": "USD",
    "cik": "0000882095",
    "fillingDate": "2023-02-22",
    "acceptedDate": "2023-02-22 16:18:52",
    "calendarYear": "2022",
    "period": "FY",
    "revenue": 27281000000,
    "costOfRevenue": 5657000000,
    "grossProfit": 21624000000,
    "grossProfitRatio": 0.792639566,
    "researchAndDevelopmentExpenses": 4977000000,
    "generalAndAdministrativeExpenses": 4895000000,
    "sellingAndMarketingExpenses": 778000000,
    "sellingGeneralAndAdministrativeExpenses": 5673000000,
    "otherExpenses": -581000000,
    "operatingExpenses": 10650000000,
    "costAndExpenses": 16307000000,
    "interestIncome": 935000000,
    "interestExpense": 935000000,
    "depreciationAndAmortization": 2103000000,
    "ebitda": 8852000000,
    "ebitdaratio": 0.3244749093,
    "operatingIncome": 7330000000,
    "operatingIncomeRatio": 0.2686851655,
    "totalOtherIncomeExpensesNet": -1516000000,
    "incomeBeforeTax": 5814000000,
    "incomeBeforeTaxRatio": 0.213115355,
    "incomeTaxExpense": 1248000000,
    "netIncome": 4592000000,
    "netIncomeRatio": 0.1683222756,
    "eps": 3.66,
    "epsdiluted": 3.64,
    "weightedAverageShsOut": 1255000000,
    "weightedAverageShsOutDil": 1262000000,
    "link": "https://www.sec.gov/Archives/edgar/data/882095/000088209523000007/0000882095-23-000007-index.htm",
    "finalLink": "https://www.sec.gov/Archives/edgar/data/882095/000088209523000007/gild-20221231.htm"
  },
  {
    "date": "2021-12-31",
    "symbol": "GILD",
    "reportedCurrency": "USD",
    "cik": "0000882095",
    "fillingDate": "2022-02-23",
    "acceptedDate": "2022-02-23 16:55:27",
    "calendarYear": "2021",
    "period": "FY",
    "revenue": 27305000000,
    "costOfRevenue": 6601000000,
    "grossProfit": 20704000000,
    "grossProfitRatio": 0.7582494049,
    "researchAndDevelopmentExpenses": 5363000000,
    "generalAndAdministrativeExpenses": 4511000000,
    "sellingAndMarketingExpenses": 735000000,
    "sellingGeneralAndAdministrativeExpenses": 5246000000,
    "otherExpenses": -639000000,
    "operatingExpenses": 10609000000,
    "costAndExpenses": 17210000000,
    "interestIncome": 1001000000,
    "interestExpense": 1001000000,
    "depreciationAndAmortization": 2050000000,
    "ebitda": 11329000000,
    "ebitdaratio": 0.4149056949,
    "operatingIncome": 7406000000,
    "operatingIncomeRatio": 0.271232375,
    "totalOtherIncomeExpensesNet": 872000000,
    "incomeBeforeTax": 8278000000,
    "incomeBeforeTaxRatio": 0.303167918,
    "incomeTaxExpense": 2077000000,
    "netIncome": 6225000000,
    "netIncomeRatio": 0.2279802234,
    "eps": 4.96,
    "epsdiluted": 4.93,
    "weightedAverageShsOut": 1256000000,
    "weightedAverageShsOutDil": 1262000000,
    "link": "https://www.sec.gov/Archives/edgar/data/882095/000088209522000007/0000882095-22-000007-index.htm",
    "finalLink": "https://www.sec.gov/Archives/edgar/data/882095/000088209522000007/gild-20211231.htm"
  },
  {
    "date": "2020-12-31",
    "symbol": "GILD",
    "reportedCurrency": "USD",
    "cik": "0000882095",
    "fillingDate": "2021-02-25",
    "acceptedDate": "2021-02-25 16:15:23",
    "calendarYear": "2020",
    "period": "FY",
    "revenue": 24689000000,
    "costOfRevenue": 4572000000,
    "grossProfit": 20117000000,
    "grossProfitRatio": 0.814816315,
    "researchAndDevelopmentExpenses": 5039000000,
    "generalAndAdministrativeExpenses": 4356000000,
    "sellingAndMarketingExpenses": 795000000,
    "sellingGeneralAndAdministrativeExpenses": 5151000000,
    "otherExpenses": -1418000000,
    "operatingExpenses": 10190000000,
    "costAndExpenses": 14762000000,
    "interestIncome": 984000000,
    "interestExpense": 984000000,
    "depreciationAndAmortization": 1480000000,
    "ebitda": 4133000000,
    "ebitdaratio": 0.1674024869,
    "operatingIncome": 7029000000,
    "operatingIncomeRatio": 0.284701689,
    "totalOtherIncomeExpensesNet": -2402000000,
    "incomeBeforeTax": 1669000000,
    "incomeBeforeTaxRatio": 0.0676009559,
    "incomeTaxExpense": 1580000000,
    "netIncome": 89000000,
    "netIncomeRatio": 0.0036048443,
    "eps": 0.0708,
    "epsdiluted": 0.0705,
    "weightedAverageShsOut": 1257000000,
    "weightedAverageShsOutDil": 1263000000,
    "link": "https://www.sec.gov/Archives/edgar/data/882095/000088209521000008/0000882095-21-000008-index.htm",
    "finalLink": "https://www.sec.gov/Archives/edgar/data/882095/000088209521000008/gild-20201231.htm"
  },
  {
    "date": "2019-12-31",
    "symbol": "GILD",
    "reportedCurrency": "USD",
    "cik": "0000882095",
    "fillingDate": "2020-02-25",
    "acceptedDate": "2020-02-24 17:38:25",
    "calendarYear": "2019",
    "period": "FY",
    "revenue": 22449000000,
    "costOfRevenue": 4675000000,
    "grossProfit": 17774000000,
    "grossProfitRatio": 0.7917501893,
    "researchAndDevelopmentExpenses": 9106000000,
    "generalAndAdministrativeExpenses": 3597000000,
    "sellingAndMarketingExpenses": 784000000,
    "sellingGeneralAndAdministrativeExpenses": 4381000000,
    "otherExpenses": 1868000000,
    "operatingExpenses": 13487000000,
    "costAndExpenses": 18162000000,
    "interestIncome": 995000000,
    "interestExpense": 995000000,
    "depreciationAndAmortization": 1404000000,
    "ebitda": 7559000000,
    "ebitdaratio": 0.3367187848,
    "operatingIncome": 4287000000,
    "operatingIncomeRatio": 0.19096619,
    "totalOtherIncomeExpensesNet": 873000000,
    "incomeBeforeTax": 5160000000,
    "incomeBeforeTaxRatio": 0.2298543365,
    "incomeTaxExpense": -204000000,
    "netIncome": 5386000000,
    "netIncomeRatio": 0.2399216001,
    "eps": 4.24,
    "epsdiluted": 4.22,
    "weightedAverageShsOut": 1270000000,
    "weightedAverageShsOutDil": 1277000000,
    "link": "https://www.sec.gov/Archives/edgar/data/882095/000088209520000006/0000882095-20-000006-index.htm",
    "finalLink": "https://www.sec.gov/Archives/edgar/data/882095/000088209520000006/a2019form10-k.htm"
  },
  {
    "date": "2018-12-31",
    "symbol": "GILD",
    "reportedCurrency": "USD",
    "cik": "0000882095",
    "fillingDate": "2019-02-26",
    "acceptedDate": "2019-02-25 20:02:58",
    "calendarYear": "2018",
    "period": "FY",
    "revenue": 22127000000,
    "costOfRevenue": 4853000000,
    "grossProfit": 17274000000,
    "grossProfitRatio": 0.7806751932,
    "researchAndDevelopmentExpenses": 5018000000,
    "generalAndAdministrativeExpenses": 4056000000,
    "sellingAndMarketingExpenses": 587000000,
    "sellingGeneralAndAdministrativeExpenses": 4056000000,
    "otherExpenses": 676000000,
    "operatingExpenses": 9074000000,
    "costAndExpenses": 13927000000,
    "interestIncome": 0,
    "interestExpense": 1077000000,
    "depreciationAndAmortization": 1429000000,
    "ebitda": 10305000000,
    "ebitdaratio": 0.4657206128,
    "operatingIncome": 8200000000,
    "operatingIncomeRatio": 0.3705879694,
    "totalOtherIncomeExpensesNet": -401000000,
    "incomeBeforeTax": 7799000000,
    "incomeBeforeTaxRatio": 0.3524653139,
    "incomeTaxExpense": 2339000000,
    "netIncome": 5455000000,
    "netIncomeRatio": 0.246531387,
    "eps": 4.2,
    "epsdiluted": 4.17,
    "weightedAverageShsOut": 1298000000,
    "weightedAverageShsOutDil": 1308000000,
    "link": "https://www.sec.gov/Archives/edgar/data/882095/000088209519000006/0000882095-19-000006-index.htm",
    "finalLink": "https://www.sec.gov/Archives/edgar/data/882095/000088209519000006/a2018form10-k.htm"
  },
  {
    "date": "2017-12-31",
    "symbol": "GILD",
    "reportedCurrency": "USD",
    "cik": "0000882095",
    "fillingDate": "2018-02-27",
    "acceptedDate": "2018-02-26 17:57:33",
    "calendarYear": "2017",
    "period": "FY",
    "revenue": 26107000000,
    "costOfRevenue": 4371000000,
    "grossProfit": 21736000000,
    "grossProfitRatio": 0.8325736393,
    "researchAndDevelopmentExpenses": 3734000000,
    "generalAndAdministrativeExpenses": 3878000000,
    "sellingAndMarketingExpenses": 600000000,
    "sellingGeneralAndAdministrativeExpenses": 3878000000,
    "otherExpenses": 523000000,
    "operatingExpenses": 7612000000,
    "costAndExpenses": 11983000000,
    "interestIncome": 0,
    "interestExpense": 1118000000,
    "depreciationAndAmortization": 1286000000,
    "ebitda": 15933000000,
    "ebitdaratio": 0.6102960892,
    "operatingIncome": 14124000000,
    "operatingIncomeRatio": 0.5410043283,
    "totalOtherIncomeExpensesNet": -595000000,
    "incomeBeforeTax": 13529000000,
    "incomeBeforeTaxRatio": 0.518213506,
    "incomeTaxExpense": 8885000000,
    "netIncome": 4628000000,
    "netIncomeRatio": 0.1772704639,
    "eps": 3.54,
    "epsdiluted": 3.51,
    "weightedAverageShsOut": 1307000000,
    "weightedAverageShsOutDil": 1319000000,
    "link": "https://www.sec.gov/Archives/edgar/data/882095/000088209518000008/0000882095-18-000008-index.htm",
    "finalLink": "https://www.sec.gov/Archives/edgar/data/882095/000088209518000008/a2017form10-k.htm"
  },
  {
    "date": "2016-12-31",
    "symbol": "GILD",
    "reportedCurrency": "USD",
    "cik": "0000882095",
    "fillingDate": "2017-02-27",
    "acceptedDate": "2017-02-27 16:23:29",
    "calendarYear": "2016",
    "period": "FY",
    "revenue": 30390000000,
    "costOfRevenue": 4261000000,
    "grossProfit": 26129000000,
    "grossProfitRatio": 0.8597894044,
    "researchAndDevelopmentExpenses": 5098000000,
    "generalAndAdministrativeExpenses": 3398000000,
    "sellingAndMarketingExpenses": 618000000,
    "sellingGeneralAndAdministrativeExpenses": 3398000000,
    "otherExpenses": 428000000,
    "operatingExpenses": 8496000000,
    "costAndExpenses": 12757000000,
    "interestIncome": 0,
    "interestExpense": 964000000,
    "depreciationAndAmortization": 1158000000,
    "ebitda": 19219000000,
    "ebitdaratio": 0.6324119776,
    "operatingIncome": 17633000000,
    "operatingIncomeRatio": 0.5802237578,
    "totalOtherIncomeExpensesNet": -536000000,
    "incomeBeforeTax": 17097000000,
    "incomeBeforeTaxRatio": 0.5625863771,
    "incomeTaxExpense": 3609000000,
    "netIncome": 13501000000,
    "netIncomeRatio": 0.4442579796,
    "eps": 10.08,
    "epsdiluted": 9.94,
    "weightedAverageShsOut": 1339000000,
    "weightedAverageShsOutDil": 1358000000,
    "link": "https://www.sec.gov/Archives/edgar/data/882095/000088209517000006/0000882095-17-000006-index.htm",
    "finalLink": "https://www.sec.gov/Archives/edgar/data/882095/000088209517000006/a2016form10-k.htm"
  },
  {
    "date": "2015-12-31",
    "symbol": "GILD",
    "reportedCurrency": "USD",
    "cik": "0000882095",
    "fillingDate": "2016-02-24",
    "acceptedDate": "2016-02-24 17:01:48",
    "calendarYear": "2015",
    "period": "FY",
    "revenue": 32639000000,
    "costOfRevenue": 4006000000,
    "grossProfit": 28633000000,
    "grossProfitRatio": 0.8772633966,
    "researchAndDevelopmentExpenses": 3014000000,
    "generalAndAdministrativeExpenses": 3426000000,
    "sellingAndMarketingExpenses": 601000000,
    "sellingGeneralAndAdministrativeExpenses": 3426000000,
    "otherExpenses": 154000000,
    "operatingExpenses": 6440000000,
    "costAndExpenses": 10446000000,
    "interestIncome": 0,
    "interestExpense": 688000000,
    "depreciationAndAmortization": 1098000000,
    "ebitda": 23445000000,
    "ebitdaratio": 0.7183124483,
    "operatingIncome": 22193000000,
    "operatingIncomeRatio": 0.6799534299,
    "totalOtherIncomeExpensesNet": -534000000,
    "incomeBeforeTax": 21659000000,
    "incomeBeforeTaxRatio": 0.6635926346,
    "incomeTaxExpense": 3553000000,
    "netIncome": 18108000000,
    "netIncomeRatio": 0.5547964092,
    "eps": 12.37,
    "epsdiluted": 11.91,
    "weightedAverageShsOut": 1464000000,
    "weightedAverageShsOutDil": 1521000000,
    "link": "https://www.sec.gov/Archives/edgar/data/882095/000088209516000039/0000882095-16-000039-index.htm",
    "finalLink": "https://www.sec.gov/Archives/edgar/data/882095/000088209516000039/a2015form10-k.htm"
  }
]