[
  {
    "date": "2024-12-31",
    "symbol": "LLY",
    "reportedCurrency": "USD",
    "cik": "0000059478",
    "fillingDate": "2025-02-19",
    "acceptedDate": "2025-02-19 10:10:59",
    "calendarYear": "2024",
    "period": "FY",
    "revenue": 45042700000,
    "costOfRevenue": 8418299999,
    "grossProfit": 36624400001,
    "grossProfitRatio": 0.8131040102,
    "researchAndDevelopmentExpenses": 10990600000,
    "generalAndAdministrativeExpenses": 0,
    "sellingAndMarketingExpenses": 0,
    "sellingGeneralAndAdministrativeExpenses": 8593800000,
    "otherExpenses": 0,
    "operatingExpenses": 19584400000,
    "costAndExpenses": 28002700000,
    "interestIncome": 0,
    "interestExpense": 605400000,
    "depreciationAndAmortization": 1766600000,
    "ebitda": 15227600000,
    "ebitdaratio": 0.3380703199,
    "operatingIncome": 17501700000,
    "operatingIncomeRatio": 0.3885579683,
    "totalOtherIncomeExpensesNet": -4821300000,
    "incomeBeforeTax": 12680400000,
    "incomeBeforeTaxRatio": 0.2815195359,
    "incomeTaxExpense": 2090400000,
    "netIncome": 10590000000,
    "netIncomeRatio": 0.2351102398,
    "eps": 11.8,
    "epsdiluted": 11.71,
    "weightedAverageShsOut": 897538000,
    "weightedAverageShsOutDil": 904059000,
    "link": "https://www.sec.gov/Archives/edgar/data/59478/000005947825000067/0000059478-25-000067-index.htm",
    "finalLink": "https://www.sec.gov/Archives/edgar/data/59478/000005947825000067/lly-20241231.htm"
  },
  {
    "date": "2023-12-31",
    "symbol": "LLY",
    "reportedCurrency": "USD",
    "cik": "0000059478",
    "fillingDate": "2024-02-21",
    "acceptedDate": "2024-02-21 11:44:37",
    "calendarYear": "2023",
    "period": "FY",
    "revenue": 34124100000,
    "costOfRevenue": 7082200000,
    "grossProfit": 27041900000,
    "grossProfitRatio": 0.79245753,
    "researchAndDevelopmentExpenses": 9313400000,
    "generalAndAdministrativeExpenses": 6941200000,
    "sellingAndMarketingExpenses": 0,
    "sellingGeneralAndAdministrativeExpenses": 6941200000,
    "otherExpenses": 0,
    "operatingExpenses": 16716500000,
    "costAndExpenses": 23798700000,
    "interestIncome": 173600000,
    "interestExpense": 485900000,
    "depreciationAndAmortization": 1527300000,
    "ebitda": 8567800000,
    "ebitdaratio": 0.2510776841,
    "operatingIncome": 10325400000,
    "operatingIncomeRatio": 0.3025838044,
    "totalOtherIncomeExpensesNet": -3770800000,
    "incomeBeforeTax": 6554600000,
    "incomeBeforeTaxRatio": 0.1920812564,
    "incomeTaxExpense": 1314200000,
    "netIncome": 5240400000,
    "netIncomeRatio": 0.1535688853,
    "eps": 5.83,
    "epsdiluted": 5.8,
    "weightedAverageShsOut": 899379000,
    "weightedAverageShsOutDil": 903284000,
    "link": "https://www.sec.gov/Archives/edgar/data/59478/000005947824000065/0000059478-24-000065-index.htm",
    "finalLink": "https://www.sec.gov/Archives/edgar/data/59478/000005947824000065/lly-20231231.htm"
  },
  {
    "date": "2022-12-31",
    "symbol": "LLY",
    "reportedCurrency": "USD",
    "cik": "0000059478",
    "fillingDate": "2023-02-22",
    "acceptedDate": "2023-02-22 10:26:53",
    "calendarYear": "2022",
    "period": "FY",
    "revenue": 28541400000,
    "costOfRevenue": 6629800000,
    "grossProfit": 21911600000,
    "grossProfitRatio": 0.7677128662,
    "researchAndDevelopmentExpenses": 7190800000,
    "generalAndAdministrativeExpenses": 6440400000,
    "sellingAndMarketingExpenses": 1000000000,
    "sellingGeneralAndAdministrativeExpenses": 6440400000,
    "otherExpenses": -52100000,
    "operatingExpenses": 13631200000,
    "costAndExpenses": 20261000000,
    "interestIncome": 62800000,
    "interestExpense": 331600000,
    "depreciationAndAmortization": 1522500000,
    "ebitda": 8660500000,
    "ebitdaratio": 0.3034364117,
    "operatingIncome": 7127300000,
    "operatingIncomeRatio": 0.2497179536,
    "totalOtherIncomeExpensesNet": -1846900000,
    "incomeBeforeTax": 6806400000,
    "incomeBeforeTaxRatio": 0.2384746368,
    "incomeTaxExpense": 561600000,
    "netIncome": 6244800000,
    "netIncomeRatio": 0.2187979567,
    "eps": 6.93,
    "epsdiluted": 6.9,
    "weightedAverageShsOut": 901736000,
    "weightedAverageShsOutDil": 904619000,
    "link": "https://www.sec.gov/Archives/edgar/data/59478/000005947823000082/0000059478-23-000082-index.htm",
    "finalLink": "https://www.sec.gov/Archives/edgar/data/59478/000005947823000082/lly-20221231.htm"
  },
  {
    "date": "2021-12-31",
    "symbol": "LLY",
    "reportedCurrency": "USD",
    "cik": "0000059478",
    "fillingDate": "2022-02-23",
    "acceptedDate": "2022-02-23 11:00:57",
    "calendarYear": "2021",
    "period": "FY",
    "revenue": 28318400000,
    "costOfRevenue": 7312800000,
    "grossProfit": 21005600000,
    "grossProfitRatio": 0.7417650715,
    "researchAndDevelopmentExpenses": 7025900000,
    "generalAndAdministrativeExpenses": 6431600000,
    "sellingAndMarketingExpenses": 1200000000,
    "sellingGeneralAndAdministrativeExpenses": 6431600000,
    "otherExpenses": 112800000,
    "operatingExpenses": 13457500000,
    "costAndExpenses": 20770300000,
    "interestIncome": 25400000,
    "interestExpense": 339800000,
    "depreciationAndAmortization": 1547600000,
    "ebitda": 8042900000,
    "ebitdaratio": 0.2840167524,
    "operatingIncome": 6357100000,
    "operatingIncomeRatio": 0.2244865529,
    "totalOtherIncomeExpensesNet": -201600000,
    "incomeBeforeTax": 6155500000,
    "incomeBeforeTaxRatio": 0.2173675066,
    "incomeTaxExpense": 573800000,
    "netIncome": 5581700000,
    "netIncomeRatio": 0.1971050624,
    "eps": 6.15,
    "epsdiluted": 6.12,
    "weightedAverageShsOut": 906963000,
    "weightedAverageShsOutDil": 911681000,
    "link": "https://www.sec.gov/Archives/edgar/data/59478/000005947822000068/0000059478-22-000068-index.htm",
    "finalLink": "https://www.sec.gov/Archives/edgar/data/59478/000005947822000068/lly-20211231.htm"
  },
  {
    "date": "2020-12-31",
    "symbol": "LLY",
    "reportedCurrency": "USD",
    "cik": "0000059478",
    "fillingDate": "2021-02-17",
    "acceptedDate": "2021-02-17 10:59:12",
    "calendarYear": "2020",
    "period": "FY",
    "revenue": 24539800000,
    "costOfRevenue": 5483300000,
    "grossProfit": 19056500000,
    "grossProfitRatio": 0.7765548211,
    "researchAndDevelopmentExpenses": 6085700000,
    "generalAndAdministrativeExpenses": 6121200000,
    "sellingAndMarketingExpenses": 1100000000,
    "sellingGeneralAndAdministrativeExpenses": 6121200000,
    "otherExpenses": 1498500000,
    "operatingExpenses": 12206900000,
    "costAndExpenses": 17690200000,
    "interestIncome": 33000000,
    "interestExpense": 359600000,
    "depreciationAndAmortization": 1323900000,
    "ebitda": 8913400000,
    "ebitdaratio": 0.3632221941,
    "operatingIncome": 6058000000,
    "operatingIncomeRatio": 0.2468642776,
    "totalOtherIncomeExpensesNet": 19100000,
    "incomeBeforeTax": 7229900000,
    "incomeBeforeTaxRatio": 0.2946193531,
    "incomeTaxExpense": 1036200000,
    "netIncome": 6193700000,
    "netIncomeRatio": 0.25239407,
    "eps": 6.82,
    "epsdiluted": 6.79,
    "weightedAverageShsOut": 907634000,
    "weightedAverageShsOutDil": 912505000,
    "link": "https://www.sec.gov/Archives/edgar/data/59478/000005947821000083/0000059478-21-000083-index.htm",
    "finalLink": "https://www.sec.gov/Archives/edgar/data/59478/000005947821000083/lly-20201231.htm"
  },
  {
    "date": "2019-12-31",
    "symbol": "LLY",
    "reportedCurrency": "USD",
    "cik": "0000059478",
    "fillingDate": "2020-02-19",
    "acceptedDate": "2020-02-19 12:33:26",
    "calendarYear": "2019",
    "period": "FY",
    "revenue": 22319500000,
    "costOfRevenue": 4721200000,
    "grossProfit": 17598300000,
    "grossProfitRatio": 0.788471964,
    "researchAndDevelopmentExpenses": 5595000000,
    "generalAndAdministrativeExpenses": 6213800000,
    "sellingAndMarketingExpenses": 6213800000,
    "sellingGeneralAndAdministrativeExpenses": 6213800000,
    "otherExpenses": 611800000,
    "operatingExpenses": 11808800000,
    "costAndExpenses": 16530000000,
    "interestIncome": 80400000,
    "interestExpense": 400600000,
    "depreciationAndAmortization": 1232600000,
    "ebitda": 6899100000,
    "ebitdaratio": 0.3091063868,
    "operatingIncome": 4974300000,
    "operatingIncomeRatio": 0.2228678958,
    "totalOtherIncomeExpensesNet": 291600000,
    "incomeBeforeTax": 5265900000,
    "incomeBeforeTaxRatio": 0.2359327046,
    "incomeTaxExpense": 628000000,
    "netIncome": 4637900000,
    "netIncomeRatio": 0.2077958736,
    "eps": 4.98,
    "epsdiluted": 4.96,
    "weightedAverageShsOut": 931059000,
    "weightedAverageShsOutDil": 935684000,
    "link": "https://www.sec.gov/Archives/edgar/data/59478/000005947820000057/0000059478-20-000057-index.htm",
    "finalLink": "https://www.sec.gov/Archives/edgar/data/59478/000005947820000057/lly-20191231x10xk.htm"
  },
  {
    "date": "2018-12-31",
    "symbol": "LLY",
    "reportedCurrency": "USD",
    "cik": "0000059478",
    "fillingDate": "2019-02-19",
    "acceptedDate": "2019-02-19 10:41:31",
    "calendarYear": "2018",
    "period": "FY",
    "revenue": 21493300000,
    "costOfRevenue": 4681700000,
    "grossProfit": 16811600000,
    "grossProfitRatio": 0.7821786324,
    "researchAndDevelopmentExpenses": 5051200000,
    "generalAndAdministrativeExpenses": 5975100000,
    "sellingAndMarketingExpenses": 5975100000,
    "sellingGeneralAndAdministrativeExpenses": 5975100000,
    "otherExpenses": 145600000,
    "operatingExpenses": 11026300000,
    "costAndExpenses": 15708000000,
    "interestIncome": 161300000,
    "interestExpense": 272100000,
    "depreciationAndAmortization": 1609000000,
    "ebitda": 5531600000,
    "ebitdaratio": 0.2573639227,
    "operatingIncome": 6186800000,
    "operatingIncomeRatio": 0.287847841,
    "totalOtherIncomeExpensesNet": -2345700000,
    "incomeBeforeTax": 3680100000,
    "incomeBeforeTaxRatio": 0.171220799,
    "incomeTaxExpense": 529500000,
    "netIncome": 3232000000,
    "netIncomeRatio": 0.1503724416,
    "eps": 3.14,
    "epsdiluted": 3.13,
    "weightedAverageShsOut": 1027721000,
    "weightedAverageShsOutDil": 1033667000,
    "link": "https://www.sec.gov/Archives/edgar/data/59478/000005947819000082/0000059478-19-000082-index.htm",
    "finalLink": "https://www.sec.gov/Archives/edgar/data/59478/000005947819000082/lly-20181231x10xk.htm"
  },
  {
    "date": "2017-12-31",
    "symbol": "LLY",
    "reportedCurrency": "USD",
    "cik": "0000059478",
    "fillingDate": "2018-02-20",
    "acceptedDate": "2018-02-20 17:27:37",
    "calendarYear": "2017",
    "period": "FY",
    "revenue": 22871300000,
    "costOfRevenue": 6070200000,
    "grossProfit": 16801100000,
    "grossProfitRatio": 0.7345931364,
    "researchAndDevelopmentExpenses": 5281800000,
    "generalAndAdministrativeExpenses": 6588100000,
    "sellingAndMarketingExpenses": 6588100000,
    "sellingGeneralAndAdministrativeExpenses": 6588100000,
    "otherExpenses": 110100000,
    "operatingExpenses": 11869900000,
    "costAndExpenses": 17940100000,
    "interestIncome": 167300000,
    "interestExpense": 225000000,
    "depreciationAndAmortization": 1567300000,
    "ebitda": 3989700000,
    "ebitdaratio": 0.1744413304,
    "operatingIncome": 2145000000,
    "operatingIncomeRatio": 0.0937856615,
    "totalOtherIncomeExpensesNet": -1945000000,
    "incomeBeforeTax": 2197400000,
    "incomeBeforeTaxRatio": 0.0960767425,
    "incomeTaxExpense": 2401500000,
    "netIncome": -204100000,
    "netIncomeRatio": -0.0089238478,
    "eps": -0.19,
    "epsdiluted": -0.19,
    "weightedAverageShsOut": 1052022999,
    "weightedAverageShsOutDil": 1052023000,
    "link": "https://www.sec.gov/Archives/edgar/data/59478/000005947818000089/0000059478-18-000089-index.htm",
    "finalLink": "https://www.sec.gov/Archives/edgar/data/59478/000005947818000089/lly-20171231x10xk.htm"
  },
  {
    "date": "2016-12-31",
    "symbol": "LLY",
    "reportedCurrency": "USD",
    "cik": "0000059478",
    "fillingDate": "2017-02-21",
    "acceptedDate": "2017-02-21 15:32:29",
    "calendarYear": "2016",
    "period": "FY",
    "revenue": 21222100000,
    "costOfRevenue": 5654900000,
    "grossProfit": 15567200000,
    "grossProfitRatio": 0.7335372089,
    "researchAndDevelopmentExpenses": 5243900000,
    "generalAndAdministrativeExpenses": 6452000000,
    "sellingAndMarketingExpenses": 6452000000,
    "sellingGeneralAndAdministrativeExpenses": 6452000000,
    "otherExpenses": -8300000,
    "operatingExpenses": 11695900000,
    "costAndExpenses": 17350800000,
    "interestIncome": 108700000,
    "interestExpense": 185200000,
    "depreciationAndAmortization": 1496600000,
    "ebitda": 5055800000,
    "ebitdaratio": 0.2382327856,
    "operatingIncome": 3458800000,
    "operatingIncomeRatio": 0.1629810433,
    "totalOtherIncomeExpensesNet": -497300000,
    "incomeBeforeTax": 3374000000,
    "incomeBeforeTaxRatio": 0.1589852088,
    "incomeTaxExpense": 636400000,
    "netIncome": 2737600000,
    "netIncomeRatio": 0.1289976016,
    "eps": 2.59,
    "epsdiluted": 2.58,
    "weightedAverageShsOut": 1058324000,
    "weightedAverageShsOutDil": 1061825000,
    "link": "https://www.sec.gov/Archives/edgar/data/59478/000005947817000098/0000059478-17-000098-index.htm",
    "finalLink": "https://www.sec.gov/Archives/edgar/data/59478/000005947817000098/lly-20161231x10xk.htm"
  },
  {
    "date": "2015-12-31",
    "symbol": "LLY",
    "reportedCurrency": "USD",
    "cik": "0000059478",
    "fillingDate": "2016-02-19",
    "acceptedDate": "2016-02-19 15:42:05",
    "calendarYear": "2015",
    "period": "FY",
    "revenue": 19958700000,
    "costOfRevenue": 5037200000,
    "grossProfit": 14921500000,
    "grossProfitRatio": 0.7476188329,
    "researchAndDevelopmentExpenses": 4796400000,
    "generalAndAdministrativeExpenses": 6533000000,
    "sellingAndMarketingExpenses": 6533000000,
    "sellingGeneralAndAdministrativeExpenses": 6533000000,
    "otherExpenses": 174800000,
    "operatingExpenses": 11329400000,
    "costAndExpenses": 16366600000,
    "interestIncome": 87000000,
    "interestExpense": 161200000,
    "depreciationAndAmortization": 1427700000,
    "ebitda": 4378900000,
    "ebitdaratio": 0.219398057,
    "operatingIncome": 2689400000,
    "operatingIncomeRatio": 0.1347482551,
    "totalOtherIncomeExpensesNet": -802100000,
    "incomeBeforeTax": 2790000000,
    "incomeBeforeTaxRatio": 0.1397886636,
    "incomeTaxExpense": 381600000,
    "netIncome": 2408400000,
    "netIncomeRatio": 0.1206691819,
    "eps": 2.27,
    "epsdiluted": 2.26,
    "weightedAverageShsOut": 1061913000,
    "weightedAverageShsOutDil": 1065720000,
    "link": "https://www.sec.gov/Archives/edgar/data/59478/000005947816000321/0000059478-16-000321-index.htm",
    "finalLink": "https://www.sec.gov/Archives/edgar/data/59478/000005947816000321/lly-20151231x10k.htm"
  }
]