[
  {
    "date": "2024-12-31",
    "symbol": "LLY",
    "reportedCurrency": "USD",
    "cik": "0000059478",
    "fillingDate": "2025-02-19",
    "acceptedDate": "2025-02-19 10:10:59",
    "calendarYear": "2024",
    "period": "Q4",
    "revenue": 13532800000,
    "costOfRevenue": 2403800000,
    "grossProfit": 11129000000,
    "grossProfitRatio": 0.8223723102,
    "researchAndDevelopmentExpenses": 3211700000,
    "generalAndAdministrativeExpenses": 1962800000,
    "sellingAndMarketingExpenses": 461700000,
    "sellingGeneralAndAdministrativeExpenses": 2424500000,
    "otherExpenses": 344000000,
    "operatingExpenses": 5980200000,
    "costAndExpenses": 8384000000,
    "interestIncome": 0,
    "interestExpense": 180400000,
    "depreciationAndAmortization": 466800000,
    "ebitda": 6148800000,
    "ebitdaratio": 0.4543627335,
    "operatingIncome": 5148800000,
    "operatingIncomeRatio": 0.3804681958,
    "totalOtherIncomeExpensesNet": -110100000,
    "incomeBeforeTax": 5038700000,
    "incomeBeforeTaxRatio": 0.3723324072,
    "incomeTaxExpense": 628900000,
    "netIncome": 4409800000,
    "netIncomeRatio": 0.3258601324,
    "eps": 4.88,
    "epsdiluted": 4.88,
    "weightedAverageShsOut": 903647540,
    "weightedAverageShsOutDil": 903158000,
    "link": "https://www.sec.gov/Archives/edgar/data/59478/000005947825000067/0000059478-25-000067-index.htm",
    "finalLink": "https://www.sec.gov/Archives/edgar/data/59478/000005947825000067/lly-20241231.htm"
  },
  {
    "date": "2024-09-30",
    "symbol": "LLY",
    "reportedCurrency": "USD",
    "cik": "0000059478",
    "fillingDate": "2024-10-30",
    "acceptedDate": "2024-10-30 11:54:10",
    "calendarYear": "2024",
    "period": "Q3",
    "revenue": 11439100000,
    "costOfRevenue": 2170800000,
    "grossProfit": 9268300000,
    "grossProfitRatio": 0.8102298258,
    "researchAndDevelopmentExpenses": 2734100000,
    "generalAndAdministrativeExpenses": 2099800000,
    "sellingAndMarketingExpenses": 0,
    "sellingGeneralAndAdministrativeExpenses": 2099800000,
    "otherExpenses": 0,
    "operatingExpenses": 4833900000,
    "costAndExpenses": 7004700000,
    "interestIncome": 47800000,
    "interestExpense": 192700000,
    "depreciationAndAmortization": 466800000,
    "ebitda": 2247900000,
    "ebitdaratio": 0.196510215,
    "operatingIncome": 4434400000,
    "operatingIncomeRatio": 0.3876528748,
    "totalOtherIncomeExpensesNet": -2846000000,
    "incomeBeforeTax": 1588400000,
    "incomeBeforeTaxRatio": 0.1388570779,
    "incomeTaxExpense": 618100000,
    "netIncome": 970300000,
    "netIncomeRatio": 0.0848231067,
    "eps": 1.08,
    "epsdiluted": 1.07,
    "weightedAverageShsOut": 901000000,
    "weightedAverageShsOutDil": 905000000,
    "link": "https://www.sec.gov/Archives/edgar/data/59478/000005947824000245/0000059478-24-000245-index.htm",
    "finalLink": "https://www.sec.gov/Archives/edgar/data/59478/000005947824000245/lly-20240930.htm"
  },
  {
    "date": "2024-06-30",
    "symbol": "LLY",
    "reportedCurrency": "USD",
    "cik": "0000059478",
    "fillingDate": "2024-08-08",
    "acceptedDate": "2024-08-08 11:28:54",
    "calendarYear": "2024",
    "period": "Q2",
    "revenue": 11302800000,
    "costOfRevenue": 2170200000,
    "grossProfit": 9132600000,
    "grossProfitRatio": 0.8079944792,
    "researchAndDevelopmentExpenses": 2711200000,
    "generalAndAdministrativeExpenses": 2002900000,
    "sellingAndMarketingExpenses": 114400000,
    "sellingGeneralAndAdministrativeExpenses": 2117300000,
    "otherExpenses": -7800000,
    "operatingExpenses": 4828500000,
    "costAndExpenses": 6998700000,
    "interestIncome": 37300000,
    "interestExpense": 183600000,
    "depreciationAndAmortization": 414400000,
    "ebitda": 4115200000,
    "ebitdaratio": 0.364086775,
    "operatingIncome": 4304100000,
    "operatingIncomeRatio": 0.3807994479,
    "totalOtherIncomeExpensesNet": -786900000,
    "incomeBeforeTax": 3517200000,
    "incomeBeforeTaxRatio": 0.3111795307,
    "incomeTaxExpense": 550200000,
    "netIncome": 2967000000,
    "netIncomeRatio": 0.2625013271,
    "eps": 3.29,
    "epsdiluted": 3.28,
    "weightedAverageShsOut": 900900000,
    "weightedAverageShsOutDil": 904200000,
    "link": "https://www.sec.gov/Archives/edgar/data/59478/000005947824000187/0000059478-24-000187-index.htm",
    "finalLink": "https://www.sec.gov/Archives/edgar/data/59478/000005947824000187/lly-20240630.htm"
  },
  {
    "date": "2024-03-31",
    "symbol": "LLY",
    "reportedCurrency": "USD",
    "cik": "0000059478",
    "fillingDate": "2024-04-30",
    "acceptedDate": "2024-04-30 12:04:51",
    "calendarYear": "2024",
    "period": "Q1",
    "revenue": 8768000000,
    "costOfRevenue": 1534400000,
    "grossProfit": 7233600000,
    "grossProfitRatio": 0.825,
    "researchAndDevelopmentExpenses": 2522800000,
    "generalAndAdministrativeExpenses": 1836100000,
    "sellingAndMarketingExpenses": 116100000,
    "sellingGeneralAndAdministrativeExpenses": 1952200000,
    "otherExpenses": -139100000,
    "operatingExpenses": 4614100000,
    "costAndExpenses": 6148500000,
    "interestIncome": 45800000,
    "interestExpense": 133800000,
    "depreciationAndAmortization": 400600000,
    "ebitda": 3116300000,
    "ebitdaratio": 0.355417427,
    "operatingIncome": 2619500000,
    "operatingIncomeRatio": 0.2987568431,
    "totalOtherIncomeExpensesNet": -199500000,
    "incomeBeforeTax": 2536100000,
    "incomeBeforeTaxRatio": 0.2892449818,
    "incomeTaxExpense": 293200000,
    "netIncome": 2242900000,
    "netIncomeRatio": 0.2558052007,
    "eps": 2.49,
    "epsdiluted": 2.48,
    "weightedAverageShsOut": 900800000,
    "weightedAverageShsOutDil": 903802000,
    "link": "https://www.sec.gov/Archives/edgar/data/59478/000005947824000118/0000059478-24-000118-index.htm",
    "finalLink": "https://www.sec.gov/Archives/edgar/data/59478/000005947824000118/lly-20240331.htm"
  },
  {
    "date": "2023-12-31",
    "symbol": "LLY",
    "reportedCurrency": "USD",
    "cik": "0000059478",
    "fillingDate": "2024-02-21",
    "acceptedDate": "2024-02-21 11:44:37",
    "calendarYear": "2023",
    "period": "Q4",
    "revenue": 9353400000,
    "costOfRevenue": 1659000000,
    "grossProfit": 7694400000,
    "grossProfitRatio": 0.8226313426,
    "researchAndDevelopmentExpenses": 2562700000,
    "generalAndAdministrativeExpenses": 1462700000,
    "sellingAndMarketingExpenses": 461900000,
    "sellingGeneralAndAdministrativeExpenses": 1924600000,
    "otherExpenses": -129000000,
    "operatingExpenses": 4616300000,
    "costAndExpenses": 6275300000,
    "interestIncome": 44500000,
    "interestExpense": 93700000,
    "depreciationAndAmortization": 387700000,
    "ebitda": 3034700000,
    "ebitdaratio": 0.3244488635,
    "operatingIncome": 3078100000,
    "operatingIncomeRatio": 0.3290888875,
    "totalOtherIncomeExpensesNet": -569300000,
    "incomeBeforeTax": 2508800000,
    "incomeBeforeTaxRatio": 0.2682233199,
    "incomeTaxExpense": 319200000,
    "netIncome": 2189700000,
    "netIncomeRatio": 0.2341073834,
    "eps": 2.31,
    "epsdiluted": 2.31,
    "weightedAverageShsOut": 949379000,
    "weightedAverageShsOutDil": 949379000,
    "link": "https://www.sec.gov/Archives/edgar/data/59478/000005947824000065/0000059478-24-000065-index.htm",
    "finalLink": "https://www.sec.gov/Archives/edgar/data/59478/000005947824000065/lly-20231231.htm"
  },
  {
    "date": "2023-09-30",
    "symbol": "LLY",
    "reportedCurrency": "USD",
    "cik": "0000059478",
    "fillingDate": "2023-11-02",
    "acceptedDate": "2023-11-02 11:21:53",
    "calendarYear": "2023",
    "period": "Q3",
    "revenue": 9498600000,
    "costOfRevenue": 1860100000,
    "grossProfit": 7638500000,
    "grossProfitRatio": 0.804171141,
    "researchAndDevelopmentExpenses": 2409100000,
    "generalAndAdministrativeExpenses": 1803900000,
    "sellingAndMarketingExpenses": 0,
    "sellingGeneralAndAdministrativeExpenses": 1803900000,
    "otherExpenses": 52500000,
    "operatingExpenses": 4213000000,
    "costAndExpenses": 6073100000,
    "interestIncome": 48900000,
    "interestExpense": 124600000,
    "depreciationAndAmortization": 411000000,
    "ebitda": 962800000,
    "ebitdaratio": 0.101362306,
    "operatingIncome": 450400000,
    "operatingIncomeRatio": 0.0474175142,
    "totalOtherIncomeExpensesNet": -2998300000,
    "incomeBeforeTax": 427200000,
    "incomeBeforeTaxRatio": 0.044975049,
    "incomeTaxExpense": 484600000,
    "netIncome": -57400000,
    "netIncomeRatio": -0.0060429958,
    "eps": -0.0638,
    "epsdiluted": -0.0638,
    "weightedAverageShsOut": 899800000,
    "weightedAverageShsOutDil": 899800000,
    "link": "https://www.sec.gov/Archives/edgar/data/59478/000005947823000284/0000059478-23-000284-index.htm",
    "finalLink": "https://www.sec.gov/Archives/edgar/data/59478/000005947823000284/lly-20230930.htm"
  },
  {
    "date": "2023-06-30",
    "symbol": "LLY",
    "reportedCurrency": "USD",
    "cik": "0000059478",
    "fillingDate": "2023-08-08",
    "acceptedDate": "2023-08-08 13:23:19",
    "calendarYear": "2023",
    "period": "Q2",
    "revenue": 8312100000,
    "costOfRevenue": 1807400000,
    "grossProfit": 6504700000,
    "grossProfitRatio": 0.7825579577,
    "researchAndDevelopmentExpenses": 2356500000,
    "generalAndAdministrativeExpenses": 1925400000,
    "sellingAndMarketingExpenses": 0,
    "sellingGeneralAndAdministrativeExpenses": 1925400000,
    "otherExpenses": 37500000,
    "operatingExpenses": 4281900000,
    "costAndExpenses": 6089300000,
    "interestIncome": 46000000,
    "interestExpense": 120300000,
    "depreciationAndAmortization": 366300000,
    "ebitda": 2575500000,
    "ebitdaratio": 0.3098494965,
    "operatingIncome": 2125700000,
    "operatingIncomeRatio": 0.2557356143,
    "totalOtherIncomeExpensesNet": -133900000,
    "incomeBeforeTax": 2088900000,
    "incomeBeforeTaxRatio": 0.2513083336,
    "incomeTaxExpense": 325700000,
    "netIncome": 1763200000,
    "netIncomeRatio": 0.2121244932,
    "eps": 1.96,
    "epsdiluted": 1.95,
    "weightedAverageShsOut": 899700000,
    "weightedAverageShsOutDil": 902700000,
    "link": "https://www.sec.gov/Archives/edgar/data/59478/000005947823000221/0000059478-23-000221-index.htm",
    "finalLink": "https://www.sec.gov/Archives/edgar/data/59478/000005947823000221/lly-20230630.htm"
  },
  {
    "date": "2023-03-31",
    "symbol": "LLY",
    "reportedCurrency": "USD",
    "cik": "0000059478",
    "fillingDate": "2023-04-27",
    "acceptedDate": "2023-04-27 11:56:56",
    "calendarYear": "2023",
    "period": "Q1",
    "revenue": 6960000000,
    "costOfRevenue": 1626700000,
    "grossProfit": 5333300000,
    "grossProfitRatio": 0.7662787356,
    "researchAndDevelopmentExpenses": 1985100000,
    "generalAndAdministrativeExpenses": 1749200000,
    "sellingAndMarketingExpenses": 0,
    "sellingGeneralAndAdministrativeExpenses": 1749200000,
    "otherExpenses": 104300000,
    "operatingExpenses": 3734300000,
    "costAndExpenses": 5361000000,
    "interestIncome": 34200000,
    "interestExpense": 102800000,
    "depreciationAndAmortization": 362300000,
    "ebitda": 1994800000,
    "ebitdaratio": 0.2866091954,
    "operatingIncome": 1494000000,
    "operatingIncomeRatio": 0.2146551724,
    "totalOtherIncomeExpensesNet": -69300000,
    "incomeBeforeTax": 1529700000,
    "incomeBeforeTaxRatio": 0.2197844828,
    "incomeTaxExpense": 184800000,
    "netIncome": 1344900000,
    "netIncomeRatio": 0.1932327586,
    "eps": 1.49,
    "epsdiluted": 1.49,
    "weightedAverageShsOut": 901000000,
    "weightedAverageShsOutDil": 903300000,
    "link": "https://www.sec.gov/Archives/edgar/data/59478/000005947823000162/0000059478-23-000162-index.htm",
    "finalLink": "https://www.sec.gov/Archives/edgar/data/59478/000005947823000162/lly-20230331.htm"
  },
  {
    "date": "2022-12-31",
    "symbol": "LLY",
    "reportedCurrency": "USD",
    "cik": "0000059478",
    "fillingDate": "2023-02-22",
    "acceptedDate": "2023-02-22 10:26:53",
    "calendarYear": "2022",
    "period": "Q4",
    "revenue": 7301800000,
    "costOfRevenue": 1548100000,
    "grossProfit": 5753700000,
    "grossProfitRatio": 0.7879837848,
    "researchAndDevelopmentExpenses": 1995900000,
    "generalAndAdministrativeExpenses": 1643200000,
    "sellingAndMarketingExpenses": 1000000000,
    "sellingGeneralAndAdministrativeExpenses": 1643200000,
    "otherExpenses": 318500000,
    "operatingExpenses": 3639100000,
    "costAndExpenses": 5187200000,
    "interestIncome": 25500000,
    "interestExpense": 84000000,
    "depreciationAndAmortization": 375000000,
    "ebitda": 2555400000,
    "ebitdaratio": 0.3499685009,
    "operatingIncome": 1836400000,
    "operatingIncomeRatio": 0.2514996302,
    "totalOtherIncomeExpensesNet": -111100000,
    "incomeBeforeTax": 2096400000,
    "incomeBeforeTaxRatio": 0.2871072886,
    "incomeTaxExpense": 158700000,
    "netIncome": 1937700000,
    "netIncomeRatio": 0.2653729217,
    "eps": 2.04,
    "epsdiluted": 2.04,
    "weightedAverageShsOut": 950182000,
    "weightedAverageShsOutDil": 950182000,
    "link": "https://www.sec.gov/Archives/edgar/data/59478/000005947823000082/0000059478-23-000082-index.htm",
    "finalLink": "https://www.sec.gov/Archives/edgar/data/59478/000005947823000082/lly-20221231.htm"
  },
  {
    "date": "2022-09-30",
    "symbol": "LLY",
    "reportedCurrency": "USD",
    "cik": "0000059478",
    "fillingDate": "2022-11-01",
    "acceptedDate": "2022-11-01 11:16:21",
    "calendarYear": "2022",
    "period": "Q3",
    "revenue": 6941600000,
    "costOfRevenue": 1579100000,
    "grossProfit": 5362500000,
    "grossProfitRatio": 0.7725164227,
    "researchAndDevelopmentExpenses": 1802900000,
    "generalAndAdministrativeExpenses": 1521800000,
    "sellingAndMarketingExpenses": 92400000,
    "sellingGeneralAndAdministrativeExpenses": 1614200000,
    "otherExpenses": 73700000,
    "operatingExpenses": 3417100000,
    "costAndExpenses": 4996200000,
    "interestIncome": 20100000,
    "interestExpense": 81500000,
    "depreciationAndAmortization": 362900000,
    "ebitda": 2009900000,
    "ebitdaratio": 0.2895441973,
    "operatingIncome": 2039200000,
    "operatingIncomeRatio": 0.2937651262,
    "totalOtherIncomeExpensesNet": -379900000,
    "incomeBeforeTax": 1565500000,
    "incomeBeforeTaxRatio": 0.2255243748,
    "incomeTaxExpense": 113800000,
    "netIncome": 1451700000,
    "netIncomeRatio": 0.2091304598,
    "eps": 1.61,
    "epsdiluted": 1.61,
    "weightedAverageShsOut": 900700000,
    "weightedAverageShsOutDil": 903800000,
    "link": "https://www.sec.gov/Archives/edgar/data/59478/000005947822000250/0000059478-22-000250-index.htm",
    "finalLink": "https://www.sec.gov/Archives/edgar/data/59478/000005947822000250/lly-20220930.htm"
  },
  {
    "date": "2022-06-30",
    "symbol": "LLY",
    "reportedCurrency": "USD",
    "cik": "0000059478",
    "fillingDate": "2022-08-04",
    "acceptedDate": "2022-08-04 11:31:24",
    "calendarYear": "2022",
    "period": "Q2",
    "revenue": 6488000000,
    "costOfRevenue": 1430500000,
    "grossProfit": 5057500000,
    "grossProfitRatio": 0.7795160296,
    "researchAndDevelopmentExpenses": 1781900000,
    "generalAndAdministrativeExpenses": 1530800000,
    "sellingAndMarketingExpenses": 94300000,
    "sellingGeneralAndAdministrativeExpenses": 1625100000,
    "otherExpenses": 70700000,
    "operatingExpenses": 3407000000,
    "costAndExpenses": 4837500000,
    "interestIncome": 10200000,
    "interestExpense": 81200000,
    "depreciationAndAmortization": 348900000,
    "ebitda": 1521000000,
    "ebitdaratio": 0.234432799,
    "operatingIncome": 1731400000,
    "operatingIncomeRatio": 0.2668618989,
    "totalOtherIncomeExpensesNet": -653900000,
    "incomeBeforeTax": 1090900000,
    "incomeBeforeTaxRatio": 0.1681411837,
    "incomeTaxExpense": 138400000,
    "netIncome": 952500000,
    "netIncomeRatio": 0.1468094945,
    "eps": 1.06,
    "epsdiluted": 1.05,
    "weightedAverageShsOut": 900300000,
    "weightedAverageShsOutDil": 902900000,
    "link": "https://www.sec.gov/Archives/edgar/data/59478/000005947822000196/0000059478-22-000196-index.htm",
    "finalLink": "https://www.sec.gov/Archives/edgar/data/59478/000005947822000196/lly-20220630.htm"
  },
  {
    "date": "2022-03-31",
    "symbol": "LLY",
    "reportedCurrency": "USD",
    "cik": "0000059478",
    "fillingDate": "2022-04-29",
    "acceptedDate": "2022-04-29 11:57:54",
    "calendarYear": "2022",
    "period": "Q1",
    "revenue": 7810000000,
    "costOfRevenue": 2072100000,
    "grossProfit": 5737900000,
    "grossProfitRatio": 0.7346862996,
    "researchAndDevelopmentExpenses": 1610100000,
    "generalAndAdministrativeExpenses": 1557900000,
    "sellingAndMarketingExpenses": 0,
    "sellingGeneralAndAdministrativeExpenses": 1557900000,
    "otherExpenses": -272800000,
    "operatingExpenses": 3168000000,
    "costAndExpenses": 5240100000,
    "interestIncome": 7000000,
    "interestExpense": 84900000,
    "depreciationAndAmortization": 435700000,
    "ebitda": 2574200000,
    "ebitdaratio": 0.329603073,
    "operatingIncome": 2404300000,
    "operatingIncomeRatio": 0.3078489117,
    "totalOtherIncomeExpensesNet": -609600000,
    "incomeBeforeTax": 2053600000,
    "incomeBeforeTaxRatio": 0.2629449424,
    "incomeTaxExpense": 150700000,
    "netIncome": 1902900000,
    "netIncomeRatio": 0.2436491677,
    "eps": 2.11,
    "epsdiluted": 2.1,
    "weightedAverageShsOut": 903700000,
    "weightedAverageShsOutDil": 906400000,
    "link": "https://www.sec.gov/Archives/edgar/data/59478/000005947822000133/0000059478-22-000133-index.htm",
    "finalLink": "https://www.sec.gov/Archives/edgar/data/59478/000005947822000133/lly-20220331.htm"
  },
  {
    "date": "2021-12-31",
    "symbol": "LLY",
    "reportedCurrency": "USD",
    "cik": "0000059478",
    "fillingDate": "2022-02-23",
    "acceptedDate": "2022-02-23 11:00:57",
    "calendarYear": "2021",
    "period": "Q4",
    "revenue": 7999900000,
    "costOfRevenue": 2050200000,
    "grossProfit": 5949700000,
    "grossProfitRatio": 0.7437217965,
    "researchAndDevelopmentExpenses": 1959400000,
    "generalAndAdministrativeExpenses": 1592000000,
    "sellingAndMarketingExpenses": 1200000000,
    "sellingGeneralAndAdministrativeExpenses": 1592000000,
    "otherExpenses": -3300000,
    "operatingExpenses": 3551400000,
    "costAndExpenses": 5601600000,
    "interestIncome": 7400000,
    "interestExpense": 81400000,
    "depreciationAndAmortization": 445700000,
    "ebitda": 2367000000,
    "ebitdaratio": 0.2958786985,
    "operatingIncome": 1917200000,
    "operatingIncomeRatio": 0.2396529957,
    "totalOtherIncomeExpensesNet": -77300000,
    "incomeBeforeTax": 1839900000,
    "incomeBeforeTaxRatio": 0.2299903749,
    "incomeTaxExpense": 113800000,
    "netIncome": 1726100000,
    "netIncomeRatio": 0.2157651971,
    "eps": 1.81,
    "epsdiluted": 1.81,
    "weightedAverageShsOut": 925752000,
    "weightedAverageShsOutDil": 953653000,
    "link": "https://www.sec.gov/Archives/edgar/data/59478/000005947822000068/0000059478-22-000068-index.htm",
    "finalLink": "https://www.sec.gov/Archives/edgar/data/59478/000005947822000068/lly-20211231.htm"
  },
  {
    "date": "2021-09-30",
    "symbol": "LLY",
    "reportedCurrency": "USD",
    "cik": "0000059478",
    "fillingDate": "2021-10-27",
    "acceptedDate": "2021-10-27 09:06:59",
    "calendarYear": "2021",
    "period": "Q3",
    "revenue": 6772800000,
    "costOfRevenue": 1430800000,
    "grossProfit": 5342000000,
    "grossProfitRatio": 0.7887432081,
    "researchAndDevelopmentExpenses": 1708900000,
    "generalAndAdministrativeExpenses": 1577900000,
    "sellingAndMarketingExpenses": 0,
    "sellingGeneralAndAdministrativeExpenses": 1577900000,
    "otherExpenses": -559300000,
    "operatingExpenses": 3286800000,
    "costAndExpenses": 4717600000,
    "interestIncome": 7000000,
    "interestExpense": 83600000,
    "depreciationAndAmortization": 382300000,
    "ebitda": 1711199999,
    "ebitdaratio": 0.2526576894,
    "operatingIncome": 1881200000,
    "operatingIncomeRatio": 0.2777580912,
    "totalOtherIncomeExpensesNet": -886100000,
    "incomeBeforeTax": 1245300000,
    "incomeBeforeTaxRatio": 0.1838678242,
    "incomeTaxExpense": 135200000,
    "netIncome": 1110100000,
    "netIncomeRatio": 0.1639056225,
    "eps": 1.22,
    "epsdiluted": 1.22,
    "weightedAverageShsOut": 906700000,
    "weightedAverageShsOutDil": 910800000,
    "link": "https://www.sec.gov/Archives/edgar/data/59478/000005947821000216/0000059478-21-000216-index.htm",
    "finalLink": "https://www.sec.gov/Archives/edgar/data/59478/000005947821000216/lly-20210930.htm"
  },
  {
    "date": "2021-06-30",
    "symbol": "LLY",
    "reportedCurrency": "USD",
    "cik": "0000059478",
    "fillingDate": "2021-08-03",
    "acceptedDate": "2021-08-03 12:04:04",
    "calendarYear": "2021",
    "period": "Q2",
    "revenue": 6740100000,
    "costOfRevenue": 1953200000,
    "grossProfit": 4786900000,
    "grossProfitRatio": 0.7102120147,
    "researchAndDevelopmentExpenses": 1672800000,
    "generalAndAdministrativeExpenses": 1614600000,
    "sellingAndMarketingExpenses": 71100000,
    "sellingGeneralAndAdministrativeExpenses": 1685700000,
    "otherExpenses": 56600000,
    "operatingExpenses": 3358500000,
    "costAndExpenses": 5311700000,
    "interestIncome": 5400000,
    "interestExpense": 86900000,
    "depreciationAndAmortization": 369300000,
    "ebitda": 2050100000,
    "ebitdaratio": 0.3041646266,
    "operatingIncome": 1428400000,
    "operatingIncomeRatio": 0.2119256391,
    "totalOtherIncomeExpensesNet": 165500000,
    "incomeBeforeTax": 1593900000,
    "incomeBeforeTaxRatio": 0.2364801709,
    "incomeTaxExpense": 203700000,
    "netIncome": 1390200000,
    "netIncomeRatio": 0.2062580674,
    "eps": 1.53,
    "epsdiluted": 1.53,
    "weightedAverageShsOut": 907300000,
    "weightedAverageShsOutDil": 910400000,
    "link": "https://www.sec.gov/Archives/edgar/data/59478/000005947821000171/0000059478-21-000171-index.htm",
    "finalLink": "https://www.sec.gov/Archives/edgar/data/59478/000005947821000171/lly-20210630.htm"
  },
  {
    "date": "2021-03-31",
    "symbol": "LLY",
    "reportedCurrency": "USD",
    "cik": "0000059478",
    "fillingDate": "2021-04-30",
    "acceptedDate": "2021-04-30 09:23:35",
    "calendarYear": "2021",
    "period": "Q1",
    "revenue": 6805600000,
    "costOfRevenue": 1878600000,
    "grossProfit": 4927000000,
    "grossProfitRatio": 0.723962619,
    "researchAndDevelopmentExpenses": 1684800000,
    "generalAndAdministrativeExpenses": 1576000000,
    "sellingAndMarketingExpenses": 0,
    "sellingGeneralAndAdministrativeExpenses": 1576000000,
    "otherExpenses": 403400000,
    "operatingExpenses": 3260800000,
    "costAndExpenses": 5139400000,
    "interestIncome": 5500000,
    "interestExpense": 87800000,
    "depreciationAndAmortization": 350300000,
    "ebitda": 1914500000,
    "ebitdaratio": 0.2813124486,
    "operatingIncome": 1155300000,
    "operatingIncomeRatio": 0.1697572587,
    "totalOtherIncomeExpensesNet": -189800000,
    "incomeBeforeTax": 1476400000,
    "incomeBeforeTaxRatio": 0.2169389914,
    "incomeTaxExpense": 121100000,
    "netIncome": 1355300000,
    "netIncomeRatio": 0.1991448219,
    "eps": 1.49,
    "epsdiluted": 1.49,
    "weightedAverageShsOut": 908800000,
    "weightedAverageShsOutDil": 912400000,
    "link": "https://www.sec.gov/Archives/edgar/data/59478/000005947821000122/0000059478-21-000122-index.htm",
    "finalLink": "https://www.sec.gov/Archives/edgar/data/59478/000005947821000122/lly-20210331.htm"
  },
  {
    "date": "2020-12-31",
    "symbol": "LLY",
    "reportedCurrency": "USD",
    "cik": "0000059478",
    "fillingDate": "2021-02-17",
    "acceptedDate": "2021-02-17 10:59:12",
    "calendarYear": "2020",
    "period": "Q4",
    "revenue": 7440000000,
    "costOfRevenue": 1719800000,
    "grossProfit": 5720200000,
    "grossProfitRatio": 0.768844086,
    "researchAndDevelopmentExpenses": 1838000000,
    "generalAndAdministrativeExpenses": 1553900000,
    "sellingAndMarketingExpenses": 1100000000,
    "sellingGeneralAndAdministrativeExpenses": 1553900000,
    "otherExpenses": 560400000,
    "operatingExpenses": 3391900000,
    "costAndExpenses": 5111700000,
    "interestIncome": 5800000,
    "interestExpense": 89200000,
    "depreciationAndAmortization": 367500000,
    "ebitda": 2925800000,
    "ebitdaratio": 0.3932526882,
    "operatingIncome": 1992100000,
    "operatingIncomeRatio": 0.2677553763,
    "totalOtherIncomeExpensesNet": 83500000,
    "incomeBeforeTax": 2469100000,
    "incomeBeforeTaxRatio": 0.3318682796,
    "incomeTaxExpense": 352300000,
    "netIncome": 2116800000,
    "netIncomeRatio": 0.284516129,
    "eps": 2.21,
    "epsdiluted": 2.21,
    "weightedAverageShsOut": 912591197,
    "weightedAverageShsOutDil": 956590000,
    "link": "https://www.sec.gov/Archives/edgar/data/59478/000005947821000083/0000059478-21-000083-index.htm",
    "finalLink": "https://www.sec.gov/Archives/edgar/data/59478/000005947821000083/lly-20201231.htm"
  },
  {
    "date": "2020-09-30",
    "symbol": "LLY",
    "reportedCurrency": "USD",
    "cik": "0000059478",
    "fillingDate": "2020-10-28",
    "acceptedDate": "2020-10-28 10:57:01",
    "calendarYear": "2020",
    "period": "Q3",
    "revenue": 5740600000,
    "costOfRevenue": 1326400000,
    "grossProfit": 4414200000,
    "grossProfitRatio": 0.7689440128,
    "researchAndDevelopmentExpenses": 1465400000,
    "generalAndAdministrativeExpenses": 1569100000,
    "sellingAndMarketingExpenses": 0,
    "sellingGeneralAndAdministrativeExpenses": 1569100000,
    "otherExpenses": 242700000,
    "operatingExpenses": 3034500000,
    "costAndExpenses": 4360900000,
    "interestIncome": 5800000,
    "interestExpense": 89600000,
    "depreciationAndAmortization": 358400000,
    "ebitda": 1885200000,
    "ebitdaratio": 0.3283977285,
    "operatingIncome": 1278300000,
    "operatingIncomeRatio": 0.2226770721,
    "totalOtherIncomeExpensesNet": -56500000,
    "incomeBeforeTax": 1437200000,
    "incomeBeforeTaxRatio": 0.2503571055,
    "incomeTaxExpense": 228800000,
    "netIncome": 1208400000,
    "netIncomeRatio": 0.2105006445,
    "eps": 1.33,
    "epsdiluted": 1.33,
    "weightedAverageShsOut": 907200000,
    "weightedAverageShsOutDil": 911400000,
    "link": "https://www.sec.gov/Archives/edgar/data/59478/000005947820000155/0000059478-20-000155-index.htm",
    "finalLink": "https://www.sec.gov/Archives/edgar/data/59478/000005947820000155/lly-20200930.htm"
  },
  {
    "date": "2020-06-30",
    "symbol": "LLY",
    "reportedCurrency": "USD",
    "cik": "0000059478",
    "fillingDate": "2020-07-31",
    "acceptedDate": "2020-07-31 12:02:43",
    "calendarYear": "2020",
    "period": "Q2",
    "revenue": 5499400000,
    "costOfRevenue": 1222000000,
    "grossProfit": 4277400000,
    "grossProfitRatio": 0.7777939412,
    "researchAndDevelopmentExpenses": 1390200000,
    "generalAndAdministrativeExpenses": 1448600000,
    "sellingAndMarketingExpenses": 1448600000,
    "sellingGeneralAndAdministrativeExpenses": 1448600000,
    "otherExpenses": 528100000,
    "operatingExpenses": 2838800000,
    "costAndExpenses": 4060800000,
    "interestIncome": 7100000,
    "interestExpense": 88300000,
    "depreciationAndAmortization": 324400000,
    "ebitda": 2056400000,
    "ebitdaratio": 0.3739317016,
    "operatingIncome": 1196800000,
    "operatingIncomeRatio": 0.2176237408,
    "totalOtherIncomeExpensesNet": 169200000,
    "incomeBeforeTax": 1643700000,
    "incomeBeforeTaxRatio": 0.2988871513,
    "incomeTaxExpense": 231700000,
    "netIncome": 1412000000,
    "netIncomeRatio": 0.2567552824,
    "eps": 1.56,
    "epsdiluted": 1.55,
    "weightedAverageShsOut": 907200000,
    "weightedAverageShsOutDil": 910900000,
    "link": "https://www.sec.gov/Archives/edgar/data/59478/000005947820000131/0000059478-20-000131-index.htm",
    "finalLink": "https://www.sec.gov/Archives/edgar/data/59478/000005947820000131/lly-20200630.htm"
  },
  {
    "date": "2020-03-31",
    "symbol": "LLY",
    "reportedCurrency": "USD",
    "cik": "0000059478",
    "fillingDate": "2020-05-01",
    "acceptedDate": "2020-05-01 09:46:45",
    "calendarYear": "2020",
    "period": "Q1",
    "revenue": 5859800000,
    "costOfRevenue": 1215100000,
    "grossProfit": 4644700000,
    "grossProfitRatio": 0.792637974,
    "researchAndDevelopmentExpenses": 1392100000,
    "generalAndAdministrativeExpenses": 1549600000,
    "sellingAndMarketingExpenses": 1549600000,
    "sellingGeneralAndAdministrativeExpenses": 1549600000,
    "otherExpenses": 167300000,
    "operatingExpenses": 2941700000,
    "costAndExpenses": 4156800000,
    "interestIncome": 14300000,
    "interestExpense": 92500000,
    "depreciationAndAmortization": 273600000,
    "ebitda": 2046000000,
    "ebitdaratio": 0.3491586744,
    "operatingIncome": 1590800000,
    "operatingIncomeRatio": 0.2714768422,
    "totalOtherIncomeExpensesNet": -67700000,
    "incomeBeforeTax": 1679900000,
    "incomeBeforeTaxRatio": 0.2866821393,
    "incomeTaxExpense": 223400000,
    "netIncome": 1456500000,
    "netIncomeRatio": 0.2485579713,
    "eps": 1.6,
    "epsdiluted": 1.6,
    "weightedAverageShsOut": 908200000,
    "weightedAverageShsOutDil": 911700000,
    "link": "https://www.sec.gov/Archives/edgar/data/59478/000005947820000104/0000059478-20-000104-index.htm",
    "finalLink": "https://www.sec.gov/Archives/edgar/data/59478/000005947820000104/lly-3312020x10q.htm"
  }
]