[
  {
    "date": "2025-01-31",
    "symbol": "LOW",
    "reportedCurrency": "USD",
    "cik": "0000060667",
    "fillingDate": "2025-03-24",
    "acceptedDate": "2025-03-24 16:33:13",
    "calendarYear": "2024",
    "period": "Q4",
    "revenue": 18553000000,
    "costOfRevenue": 12456000000,
    "grossProfit": 6097000000,
    "grossProfitRatio": 0.3286260982,
    "researchAndDevelopmentExpenses": 0,
    "generalAndAdministrativeExpenses": 0,
    "sellingAndMarketingExpenses": 0,
    "sellingGeneralAndAdministrativeExpenses": 3822000000,
    "otherExpenses": 445000000,
    "operatingExpenses": 4267000000,
    "costAndExpenses": 16724000000,
    "interestIncome": 35000000,
    "interestExpense": 363000000,
    "depreciationAndAmortization": 511000000,
    "ebitda": 2376000000,
    "ebitdaratio": 0.128065542,
    "operatingIncome": 1830000000,
    "operatingIncomeRatio": 0.0986363391,
    "totalOtherIncomeExpensesNet": -328000000,
    "incomeBeforeTax": 1502000000,
    "incomeBeforeTaxRatio": 0.0809572576,
    "incomeTaxExpense": 378000000,
    "netIncome": 1124000000,
    "netIncomeRatio": 0.0605831941,
    "eps": 2,
    "epsdiluted": 2,
    "weightedAverageShsOut": 562000000,
    "weightedAverageShsOutDil": 563000000,
    "link": "https://www.sec.gov/Archives/edgar/data/60667/000006066725000049/0000060667-25-000049-index.htm",
    "finalLink": "https://www.sec.gov/Archives/edgar/data/60667/000006066725000049/low-20250131.htm"
  },
  {
    "date": "2024-11-01",
    "symbol": "LOW",
    "reportedCurrency": "USD",
    "cik": "0000060667",
    "fillingDate": "2024-11-27",
    "acceptedDate": "2024-11-27 16:14:48",
    "calendarYear": "2024",
    "period": "Q3",
    "revenue": 20170000000,
    "costOfRevenue": 13374000000,
    "grossProfit": 6796000000,
    "grossProfitRatio": 0.3369360436,
    "researchAndDevelopmentExpenses": 0,
    "generalAndAdministrativeExpenses": 0,
    "sellingAndMarketingExpenses": 0,
    "sellingGeneralAndAdministrativeExpenses": 3827000000,
    "otherExpenses": 433000000,
    "operatingExpenses": 4260000000,
    "costAndExpenses": 17634000000,
    "interestIncome": 0,
    "interestExpense": 317000000,
    "depreciationAndAmortization": 494000000,
    "ebitda": 3030000000,
    "ebitdaratio": 0.1502231036,
    "operatingIncome": 2536000000,
    "operatingIncomeRatio": 0.1257312841,
    "totalOtherIncomeExpensesNet": -317000000,
    "incomeBeforeTax": 2219000000,
    "incomeBeforeTaxRatio": 0.1100148736,
    "incomeTaxExpense": 524000000,
    "netIncome": 1695000000,
    "netIncomeRatio": 0.0840356966,
    "eps": 2.99,
    "epsdiluted": 2.99,
    "weightedAverageShsOut": 566889632,
    "weightedAverageShsOutDil": 566000000,
    "link": "https://www.sec.gov/Archives/edgar/data/60667/000006066724000169/0000060667-24-000169-index.htm",
    "finalLink": "https://www.sec.gov/Archives/edgar/data/60667/000006066724000169/low-20241101.htm"
  },
  {
    "date": "2024-08-02",
    "symbol": "LOW",
    "reportedCurrency": "USD",
    "cik": "0000060667",
    "fillingDate": "2024-08-29",
    "acceptedDate": "2024-08-29 16:32:21",
    "calendarYear": "2024",
    "period": "Q2",
    "revenue": 23586000000,
    "costOfRevenue": 15691000000,
    "grossProfit": 7895000000,
    "grossProfitRatio": 0.3347324684,
    "researchAndDevelopmentExpenses": 0,
    "generalAndAdministrativeExpenses": 0,
    "sellingAndMarketingExpenses": 0,
    "sellingGeneralAndAdministrativeExpenses": 4025000000,
    "otherExpenses": 423000000,
    "operatingExpenses": 4448000000,
    "costAndExpenses": 20139000000,
    "interestIncome": 52000000,
    "interestExpense": 369000000,
    "depreciationAndAmortization": 481000000,
    "ebitda": 3928000000,
    "ebitdaratio": 0.1665394726,
    "operatingIncome": 3447000000,
    "operatingIncomeRatio": 0.1461460188,
    "totalOtherIncomeExpensesNet": -317000000,
    "incomeBeforeTax": 3130000000,
    "incomeBeforeTaxRatio": 0.1327058424,
    "incomeTaxExpense": 747000000,
    "netIncome": 2383000000,
    "netIncomeRatio": 0.101034512,
    "eps": 4.18,
    "epsdiluted": 4.17,
    "weightedAverageShsOut": 568000000,
    "weightedAverageShsOutDil": 570000000,
    "link": "https://www.sec.gov/Archives/edgar/data/60667/000006066724000140/0000060667-24-000140-index.htm",
    "finalLink": "https://www.sec.gov/Archives/edgar/data/60667/000006066724000140/low-20240802.htm"
  },
  {
    "date": "2024-05-03",
    "symbol": "LOW",
    "reportedCurrency": "USD",
    "cik": "0000060667",
    "fillingDate": "2024-05-30",
    "acceptedDate": "2024-05-30 16:25:58",
    "calendarYear": "2024",
    "period": "Q1",
    "revenue": 21364000000,
    "costOfRevenue": 14702000000,
    "grossProfit": 6662000000,
    "grossProfitRatio": 0.3118329901,
    "researchAndDevelopmentExpenses": 0,
    "generalAndAdministrativeExpenses": 0,
    "sellingAndMarketingExpenses": 0,
    "sellingGeneralAndAdministrativeExpenses": 4009000000,
    "otherExpenses": 0,
    "operatingExpenses": 4009000000,
    "costAndExpenses": 18711000000,
    "interestIncome": 21000000,
    "interestExpense": 373000000,
    "depreciationAndAmortization": 486000000,
    "ebitda": 3139000000,
    "ebitdaratio": 0.146929414,
    "operatingIncome": 2653000000,
    "operatingIncomeRatio": 0.124180865,
    "totalOtherIncomeExpensesNet": -352000000,
    "incomeBeforeTax": 2301000000,
    "incomeBeforeTaxRatio": 0.1077045497,
    "incomeTaxExpense": 546000000,
    "netIncome": 1755000000,
    "netIncomeRatio": 0.0821475379,
    "eps": 3.06,
    "epsdiluted": 3.06,
    "weightedAverageShsOut": 571000000,
    "weightedAverageShsOutDil": 572000000,
    "link": "https://www.sec.gov/Archives/edgar/data/60667/000006066724000085/0000060667-24-000085-index.htm",
    "finalLink": "https://www.sec.gov/Archives/edgar/data/60667/000006066724000085/low-20240503.htm"
  },
  {
    "date": "2024-02-02",
    "symbol": "LOW",
    "reportedCurrency": "USD",
    "cik": "0000060667",
    "fillingDate": "2024-03-25",
    "acceptedDate": "2024-03-25 16:18:34",
    "calendarYear": "2023",
    "period": "Q4",
    "revenue": 18602000000,
    "costOfRevenue": 13018000000,
    "grossProfit": 5584000000,
    "grossProfitRatio": 0.300182776,
    "researchAndDevelopmentExpenses": 0,
    "generalAndAdministrativeExpenses": 2987000000,
    "sellingAndMarketingExpenses": 831000000,
    "sellingGeneralAndAdministrativeExpenses": 3818000000,
    "otherExpenses": -415000000,
    "operatingExpenses": 3818000000,
    "costAndExpenses": 16836000000,
    "interestIncome": 23000000,
    "interestExpense": 372000000,
    "depreciationAndAmortization": 496000000,
    "ebitda": 2262000000,
    "ebitdaratio": 0.121599828,
    "operatingIncome": 1766000000,
    "operatingIncomeRatio": 0.0949360284,
    "totalOtherIncomeExpensesNet": -349000000,
    "incomeBeforeTax": 1339000000,
    "incomeBeforeTaxRatio": 0.0719815074,
    "incomeTaxExpense": 319000000,
    "netIncome": 1020000000,
    "netIncomeRatio": 0.0548328137,
    "eps": 1.77,
    "epsdiluted": 1.77,
    "weightedAverageShsOut": 574000000,
    "weightedAverageShsOutDil": 575000000,
    "link": "https://www.sec.gov/Archives/edgar/data/60667/000006066724000033/0000060667-24-000033-index.htm",
    "finalLink": "https://www.sec.gov/Archives/edgar/data/60667/000006066724000033/low-20240202.htm"
  },
  {
    "date": "2023-11-03",
    "symbol": "LOW",
    "reportedCurrency": "USD",
    "cik": "0000060667",
    "fillingDate": "2023-11-29",
    "acceptedDate": "2023-11-29 16:16:49",
    "calendarYear": "2023",
    "period": "Q3",
    "revenue": 20471000000,
    "costOfRevenue": 13580000000,
    "grossProfit": 6891000000,
    "grossProfitRatio": 0.3366225392,
    "researchAndDevelopmentExpenses": 0,
    "generalAndAdministrativeExpenses": 0,
    "sellingAndMarketingExpenses": 0,
    "sellingGeneralAndAdministrativeExpenses": 3761000000,
    "otherExpenses": 0,
    "operatingExpenses": 4195000000,
    "costAndExpenses": 17775000000,
    "interestIncome": 27000000,
    "interestExpense": 372000000,
    "depreciationAndAmortization": 486000000,
    "ebitda": 3182000000,
    "ebitdaratio": 0.1554394021,
    "operatingIncome": 2696000000,
    "operatingIncomeRatio": 0.1316985003,
    "totalOtherIncomeExpensesNet": -345000000,
    "incomeBeforeTax": 2351000000,
    "incomeBeforeTaxRatio": 0.114845391,
    "incomeTaxExpense": 578000000,
    "netIncome": 1773000000,
    "netIncomeRatio": 0.0866103268,
    "eps": 3.07,
    "epsdiluted": 3.07,
    "weightedAverageShsOut": 576000000,
    "weightedAverageShsOutDil": 577000000,
    "link": "https://www.sec.gov/Archives/edgar/data/60667/000006066723000164/0000060667-23-000164-index.htm",
    "finalLink": "https://www.sec.gov/Archives/edgar/data/60667/000006066723000164/low-20231103.htm"
  },
  {
    "date": "2023-08-04",
    "symbol": "LOW",
    "reportedCurrency": "USD",
    "cik": "0000060667",
    "fillingDate": "2023-08-30",
    "acceptedDate": "2023-08-30 16:16:05",
    "calendarYear": "2023",
    "period": "Q2",
    "revenue": 24956000000,
    "costOfRevenue": 16557000000,
    "grossProfit": 8399000000,
    "grossProfitRatio": 0.3365523321,
    "researchAndDevelopmentExpenses": 0,
    "generalAndAdministrativeExpenses": 0,
    "sellingAndMarketingExpenses": 0,
    "sellingGeneralAndAdministrativeExpenses": 4086000000,
    "otherExpenses": 0,
    "operatingExpenses": 4513000000,
    "costAndExpenses": 21070000000,
    "interestIncome": 35000000,
    "interestExpense": 376000000,
    "depreciationAndAmortization": 609000000,
    "ebitda": 4530000000,
    "ebitdaratio": 0.1815194743,
    "operatingIncome": 3886000000,
    "operatingIncomeRatio": 0.1557140567,
    "totalOtherIncomeExpensesNet": -341000000,
    "incomeBeforeTax": 3545000000,
    "incomeBeforeTaxRatio": 0.142050008,
    "incomeTaxExpense": 872000000,
    "netIncome": 2673000000,
    "netIncomeRatio": 0.107108511,
    "eps": 4.57,
    "epsdiluted": 4.56,
    "weightedAverageShsOut": 584000000,
    "weightedAverageShsOutDil": 585000000,
    "link": "https://www.sec.gov/Archives/edgar/data/60667/000006066723000139/0000060667-23-000139-index.htm",
    "finalLink": "https://www.sec.gov/Archives/edgar/data/60667/000006066723000139/low-20230804.htm"
  },
  {
    "date": "2023-05-05",
    "symbol": "LOW",
    "reportedCurrency": "USD",
    "cik": "0000060667",
    "fillingDate": "2023-06-01",
    "acceptedDate": "2023-06-01 16:16:15",
    "calendarYear": "2023",
    "period": "Q1",
    "revenue": 22347000000,
    "costOfRevenue": 14820000000,
    "grossProfit": 7527000000,
    "grossProfitRatio": 0.3368237347,
    "researchAndDevelopmentExpenses": 0,
    "generalAndAdministrativeExpenses": 0,
    "sellingAndMarketingExpenses": 0,
    "sellingGeneralAndAdministrativeExpenses": 3824000000,
    "otherExpenses": 415000000,
    "operatingExpenses": 4239000000,
    "costAndExpenses": 19059000000,
    "interestIncome": 16000000,
    "interestExpense": 349000000,
    "depreciationAndAmortization": 573000000,
    "ebitda": 3877000000,
    "ebitdaratio": 0.1734908489,
    "operatingIncome": 3288000000,
    "operatingIncomeRatio": 0.1471338435,
    "totalOtherIncomeExpensesNet": -349000000,
    "incomeBeforeTax": 2939000000,
    "incomeBeforeTaxRatio": 0.1315165347,
    "incomeTaxExpense": 679000000,
    "netIncome": 2260000000,
    "netIncomeRatio": 0.101132143,
    "eps": 3.78,
    "epsdiluted": 3.78,
    "weightedAverageShsOut": 596000000,
    "weightedAverageShsOutDil": 597000000,
    "link": "https://www.sec.gov/Archives/edgar/data/60667/000006066723000114/0000060667-23-000114-index.htm",
    "finalLink": "https://www.sec.gov/Archives/edgar/data/60667/000006066723000114/low-20230505.htm"
  },
  {
    "date": "2023-02-03",
    "symbol": "LOW",
    "reportedCurrency": "USD",
    "cik": "0000060667",
    "fillingDate": "2023-03-27",
    "acceptedDate": "2023-03-27 16:46:36",
    "calendarYear": "2022",
    "period": "Q4",
    "revenue": 22445000000,
    "costOfRevenue": 15189000000,
    "grossProfit": 7256000000,
    "grossProfitRatio": 0.3232791268,
    "researchAndDevelopmentExpenses": 0,
    "generalAndAdministrativeExpenses": 4262000000,
    "sellingAndMarketingExpenses": 869000000,
    "sellingGeneralAndAdministrativeExpenses": 5131000000,
    "otherExpenses": 421000000,
    "operatingExpenses": 5552000000,
    "costAndExpenses": 20741000000,
    "interestIncome": 16000000,
    "interestExpense": 337000000,
    "depreciationAndAmortization": 599000000,
    "ebitda": 2314000000,
    "ebitdaratio": 0.103096458,
    "operatingIncome": 1704000000,
    "operatingIncomeRatio": 0.0759189129,
    "totalOtherIncomeExpensesNet": -321000000,
    "incomeBeforeTax": 1382000000,
    "incomeBeforeTaxRatio": 0.0615727333,
    "incomeTaxExpense": 425000000,
    "netIncome": 958000000,
    "netIncomeRatio": 0.0426821118,
    "eps": 1.58,
    "epsdiluted": 1.58,
    "weightedAverageShsOut": 603000000,
    "weightedAverageShsOutDil": 605000000,
    "link": "https://www.sec.gov/Archives/edgar/data/60667/000006066723000034/0000060667-23-000034-index.htm",
    "finalLink": "https://www.sec.gov/Archives/edgar/data/60667/000006066723000034/low-20230203.htm"
  },
  {
    "date": "2022-10-28",
    "symbol": "LOW",
    "reportedCurrency": "USD",
    "cik": "0000060667",
    "fillingDate": "2022-11-23",
    "acceptedDate": "2022-11-23 16:16:18",
    "calendarYear": "2022",
    "period": "Q3",
    "revenue": 23479000000,
    "costOfRevenue": 15661000000,
    "grossProfit": 7818000000,
    "grossProfitRatio": 0.3329784062,
    "researchAndDevelopmentExpenses": 0,
    "generalAndAdministrativeExpenses": 0,
    "sellingAndMarketingExpenses": 0,
    "sellingGeneralAndAdministrativeExpenses": 6443000000,
    "otherExpenses": 451000000,
    "operatingExpenses": 6894000000,
    "costAndExpenses": 22555000000,
    "interestIncome": 14000000,
    "interestExpense": 309000000,
    "depreciationAndAmortization": 502000000,
    "ebitda": 3494000000,
    "ebitdaratio": 0.1488138336,
    "operatingIncome": 924000000,
    "operatingIncomeRatio": 0.0393543166,
    "totalOtherIncomeExpensesNet": -295000000,
    "incomeBeforeTax": 629000000,
    "incomeBeforeTaxRatio": 0.0267898974,
    "incomeTaxExpense": 475000000,
    "netIncome": 154000000,
    "netIncomeRatio": 0.0065590528,
    "eps": 0.25,
    "epsdiluted": 0.25,
    "weightedAverageShsOut": 618000000,
    "weightedAverageShsOutDil": 620000000,
    "link": "https://www.sec.gov/Archives/edgar/data/60667/000006066722000170/0000060667-22-000170-index.htm",
    "finalLink": "https://www.sec.gov/Archives/edgar/data/60667/000006066722000170/low-20221028.htm"
  },
  {
    "date": "2022-07-29",
    "symbol": "LOW",
    "reportedCurrency": "USD",
    "cik": "0000060667",
    "fillingDate": "2022-08-25",
    "acceptedDate": "2022-08-25 17:03:34",
    "calendarYear": "2022",
    "period": "Q2",
    "revenue": 27476000000,
    "costOfRevenue": 18792000000,
    "grossProfit": 8684000000,
    "grossProfitRatio": 0.3160576503,
    "researchAndDevelopmentExpenses": 0,
    "generalAndAdministrativeExpenses": 0,
    "sellingAndMarketingExpenses": 0,
    "sellingGeneralAndAdministrativeExpenses": 4455000000,
    "otherExpenses": 0,
    "operatingExpenses": 4455000000,
    "costAndExpenses": 23247000000,
    "interestIncome": 5000000,
    "interestExpense": 269000000,
    "depreciationAndAmortization": 642000000,
    "ebitda": 4870000000,
    "ebitdaratio": 0.1772455962,
    "operatingIncome": 4229000000,
    "operatingIncomeRatio": 0.153916145,
    "totalOtherIncomeExpensesNet": -264000000,
    "incomeBeforeTax": 3965000000,
    "incomeBeforeTaxRatio": 0.1443077595,
    "incomeTaxExpense": 973000000,
    "netIncome": 2992000000,
    "netIncomeRatio": 0.1088950357,
    "eps": 4.68,
    "epsdiluted": 4.67,
    "weightedAverageShsOut": 638000000,
    "weightedAverageShsOutDil": 639000000,
    "link": "https://www.sec.gov/Archives/edgar/data/60667/000006066722000139/0000060667-22-000139-index.htm",
    "finalLink": "https://www.sec.gov/Archives/edgar/data/60667/000006066722000139/low-20220729.htm"
  },
  {
    "date": "2022-04-29",
    "symbol": "LOW",
    "reportedCurrency": "USD",
    "cik": "0000060667",
    "fillingDate": "2022-05-26",
    "acceptedDate": "2022-05-26 16:20:54",
    "calendarYear": "2022",
    "period": "Q1",
    "revenue": 23659000000,
    "costOfRevenue": 16054000000,
    "grossProfit": 7605000000,
    "grossProfitRatio": 0.3214421573,
    "researchAndDevelopmentExpenses": 0,
    "generalAndAdministrativeExpenses": 0,
    "sellingAndMarketingExpenses": 0,
    "sellingGeneralAndAdministrativeExpenses": 4303000000,
    "otherExpenses": 0,
    "operatingExpenses": 4303000000,
    "costAndExpenses": 20357000000,
    "interestIncome": 2000000,
    "interestExpense": 245000000,
    "depreciationAndAmortization": 638000000,
    "ebitda": 3940000000,
    "ebitdaratio": 0.1665328205,
    "operatingIncome": 3302000000,
    "operatingIncomeRatio": 0.1395663384,
    "totalOtherIncomeExpensesNet": -243000000,
    "incomeBeforeTax": 3059000000,
    "incomeBeforeTaxRatio": 0.1292954056,
    "incomeTaxExpense": 726000000,
    "netIncome": 2333000000,
    "netIncomeRatio": 0.0986094087,
    "eps": 3.52,
    "epsdiluted": 3.51,
    "weightedAverageShsOut": 660000000,
    "weightedAverageShsOutDil": 662000000,
    "link": "https://www.sec.gov/Archives/edgar/data/60667/000006066722000079/0000060667-22-000079-index.htm",
    "finalLink": "https://www.sec.gov/Archives/edgar/data/60667/000006066722000079/low-20220429.htm"
  },
  {
    "date": "2022-01-28",
    "symbol": "LOW",
    "reportedCurrency": "USD",
    "cik": "0000060667",
    "fillingDate": "2022-03-21",
    "acceptedDate": "2022-03-21 16:47:51",
    "calendarYear": "2021",
    "period": "Q4",
    "revenue": 21339000000,
    "costOfRevenue": 14312000000,
    "grossProfit": 7027000000,
    "grossProfitRatio": 0.3293031538,
    "researchAndDevelopmentExpenses": 0,
    "generalAndAdministrativeExpenses": 3865000000,
    "sellingAndMarketingExpenses": 877000000,
    "sellingGeneralAndAdministrativeExpenses": 4742000000,
    "otherExpenses": 436000000,
    "operatingExpenses": 5178000000,
    "costAndExpenses": 19490000000,
    "interestIncome": 2000000,
    "interestExpense": 237000000,
    "depreciationAndAmortization": 628000000,
    "ebitda": 2463000000,
    "ebitdaratio": 0.1154224659,
    "operatingIncome": 1849000000,
    "operatingIncomeRatio": 0.0866488589,
    "totalOtherIncomeExpensesNet": -235000000,
    "incomeBeforeTax": 1614000000,
    "incomeBeforeTaxRatio": 0.0756361591,
    "incomeTaxExpense": 408000000,
    "netIncome": 1206000000,
    "netIncomeRatio": 0.0565162379,
    "eps": 1.79,
    "epsdiluted": 1.78,
    "weightedAverageShsOut": 673000000,
    "weightedAverageShsOutDil": 676000000,
    "link": "https://www.sec.gov/Archives/edgar/data/60667/000006066722000038/0000060667-22-000038-index.htm",
    "finalLink": "https://www.sec.gov/Archives/edgar/data/60667/000006066722000038/low-20220128.htm"
  },
  {
    "date": "2021-10-29",
    "symbol": "LOW",
    "reportedCurrency": "USD",
    "cik": "0000060667",
    "fillingDate": "2021-11-24",
    "acceptedDate": "2021-11-24 16:38:03",
    "calendarYear": "2021",
    "period": "Q3",
    "revenue": 24422000000,
    "costOfRevenue": 16292000000,
    "grossProfit": 8130000000,
    "grossProfitRatio": 0.3328965687,
    "researchAndDevelopmentExpenses": 0,
    "generalAndAdministrativeExpenses": 0,
    "sellingAndMarketingExpenses": 0,
    "sellingGeneralAndAdministrativeExpenses": 4494000000,
    "otherExpenses": 391000000,
    "operatingExpenses": 4798000000,
    "costAndExpenses": 20129000000,
    "interestIncome": 3000000,
    "interestExpense": 226000000,
    "depreciationAndAmortization": 612000000,
    "ebitda": 3396000000,
    "ebitdaratio": 0.1390549505,
    "operatingIncome": 2789000000,
    "operatingIncomeRatio": 0.1142003112,
    "totalOtherIncomeExpensesNet": -223000000,
    "incomeBeforeTax": 2566000000,
    "incomeBeforeTaxRatio": 0.1050691999,
    "incomeTaxExpense": 670000000,
    "netIncome": 1896000000,
    "netIncomeRatio": 0.0776349193,
    "eps": 2.74,
    "epsdiluted": 2.73,
    "weightedAverageShsOut": 690000000,
    "weightedAverageShsOutDil": 690000000,
    "link": "https://www.sec.gov/Archives/edgar/data/60667/000006066721000168/0000060667-21-000168-index.htm",
    "finalLink": "https://www.sec.gov/Archives/edgar/data/60667/000006066721000168/low-20211029.htm"
  },
  {
    "date": "2021-07-30",
    "symbol": "LOW",
    "reportedCurrency": "USD",
    "cik": "0000060667",
    "fillingDate": "2021-08-26",
    "acceptedDate": "2021-08-26 17:27:47",
    "calendarYear": "2021",
    "period": "Q2",
    "revenue": 27570000000,
    "costOfRevenue": 18258000000,
    "grossProfit": 9312000000,
    "grossProfitRatio": 0.3377584331,
    "researchAndDevelopmentExpenses": 0,
    "generalAndAdministrativeExpenses": 0,
    "sellingAndMarketingExpenses": 0,
    "sellingGeneralAndAdministrativeExpenses": 4693000000,
    "otherExpenses": 409000000,
    "operatingExpenses": 5102000000,
    "costAndExpenses": 23360000000,
    "interestIncome": 4000000,
    "interestExpense": 220000000,
    "depreciationAndAmortization": 592000000,
    "ebitda": 4799000000,
    "ebitdaratio": 0.1740660138,
    "operatingIncome": 4210000000,
    "operatingIncomeRatio": 0.1527022125,
    "totalOtherIncomeExpensesNet": -216000000,
    "incomeBeforeTax": 3994000000,
    "incomeBeforeTaxRatio": 0.1448676097,
    "incomeTaxExpense": 976000000,
    "netIncome": 3018000000,
    "netIncomeRatio": 0.1094668118,
    "eps": 4.27,
    "epsdiluted": 4.25,
    "weightedAverageShsOut": 705000000,
    "weightedAverageShsOutDil": 707000000,
    "link": "https://www.sec.gov/Archives/edgar/data/60667/000006066721000149/0000060667-21-000149-index.htm",
    "finalLink": "https://www.sec.gov/Archives/edgar/data/60667/000006066721000149/low-20210730.htm"
  },
  {
    "date": "2021-04-30",
    "symbol": "LOW",
    "reportedCurrency": "USD",
    "cik": "0000060667",
    "fillingDate": "2021-05-27",
    "acceptedDate": "2021-05-27 16:51:54",
    "calendarYear": "2021",
    "period": "Q1",
    "revenue": 22918000000,
    "costOfRevenue": 15331000000,
    "grossProfit": 7587000000,
    "grossProfitRatio": 0.3310498298,
    "researchAndDevelopmentExpenses": 0,
    "generalAndAdministrativeExpenses": 0,
    "sellingAndMarketingExpenses": 0,
    "sellingGeneralAndAdministrativeExpenses": 4373000000,
    "otherExpenses": 425000000,
    "operatingExpenses": 4885000000,
    "costAndExpenses": 21177000000,
    "interestIncome": 3000000,
    "interestExpense": 211000000,
    "depreciationAndAmortization": 567000000,
    "ebitda": 3809000000,
    "ebitdaratio": 0.1662012392,
    "operatingIncome": 3245000000,
    "operatingIncomeRatio": 0.1415917619,
    "totalOtherIncomeExpensesNet": -211000000,
    "incomeBeforeTax": 3034000000,
    "incomeBeforeTaxRatio": 0.1323850249,
    "incomeTaxExpense": 713000000,
    "netIncome": 2321000000,
    "netIncomeRatio": 0.1012741077,
    "eps": 3.22,
    "epsdiluted": 3.21,
    "weightedAverageShsOut": 718000000,
    "weightedAverageShsOutDil": 720000000,
    "link": "https://www.sec.gov/Archives/edgar/data/60667/000006066721000074/0000060667-21-000074-index.htm",
    "finalLink": "https://www.sec.gov/Archives/edgar/data/60667/000006066721000074/low-20210430.htm"
  },
  {
    "date": "2021-01-29",
    "symbol": "LOW",
    "reportedCurrency": "USD",
    "cik": "0000060667",
    "fillingDate": "2021-03-22",
    "acceptedDate": "2021-03-22 17:06:03",
    "calendarYear": "2020",
    "period": "Q4",
    "revenue": 20311000000,
    "costOfRevenue": 13855000000,
    "grossProfit": 6456000000,
    "grossProfitRatio": 0.3178573187,
    "researchAndDevelopmentExpenses": 0,
    "generalAndAdministrativeExpenses": 3743000000,
    "sellingAndMarketingExpenses": 798000000,
    "sellingGeneralAndAdministrativeExpenses": 4541000000,
    "otherExpenses": 391000000,
    "operatingExpenses": 4932000000,
    "costAndExpenses": 18787000000,
    "interestIncome": 6000000,
    "interestExpense": 204000000,
    "depreciationAndAmortization": 442000000,
    "ebitda": 2095000000,
    "ebitdaratio": 0.1031460785,
    "operatingIncome": 1524000000,
    "operatingIncomeRatio": 0.0750332332,
    "totalOtherIncomeExpensesNet": -204000000,
    "incomeBeforeTax": 1320000000,
    "incomeBeforeTaxRatio": 0.0649894146,
    "incomeTaxExpense": 342000000,
    "netIncome": 978000000,
    "netIncomeRatio": 0.0481512481,
    "eps": 1.33,
    "epsdiluted": 1.32,
    "weightedAverageShsOut": 734000000,
    "weightedAverageShsOutDil": 735000000,
    "link": "https://www.sec.gov/Archives/edgar/data/60667/000006066721000026/0000060667-21-000026-index.htm",
    "finalLink": "https://www.sec.gov/Archives/edgar/data/60667/000006066721000026/low-20210129.htm"
  },
  {
    "date": "2020-10-30",
    "symbol": "LOW",
    "reportedCurrency": "USD",
    "cik": "0000060667",
    "fillingDate": "2020-11-25",
    "acceptedDate": "2020-11-25 16:34:04",
    "calendarYear": "2020",
    "period": "Q3",
    "revenue": 19675000000,
    "costOfRevenue": 13162000000,
    "grossProfit": 6513000000,
    "grossProfitRatio": 0.3310292249,
    "researchAndDevelopmentExpenses": 0,
    "generalAndAdministrativeExpenses": 0,
    "sellingAndMarketingExpenses": 0,
    "sellingGeneralAndAdministrativeExpenses": 4196000000,
    "otherExpenses": 326000000,
    "operatingExpenses": 5125000000,
    "costAndExpenses": 20134000000,
    "interestIncome": 6000000,
    "interestExpense": 221000000,
    "depreciationAndAmortization": 405000000,
    "ebitda": 2580000000,
    "ebitdaratio": 0.1311308767,
    "operatingIncome": 2175000000,
    "operatingIncomeRatio": 0.1105463787,
    "totalOtherIncomeExpensesNet": -1281000000,
    "incomeBeforeTax": 894000000,
    "incomeBeforeTaxRatio": 0.0454383736,
    "incomeTaxExpense": 202000000,
    "netIncome": 692000000,
    "netIncomeRatio": 0.0351715375,
    "eps": 0.92,
    "epsdiluted": 0.91,
    "weightedAverageShsOut": 752000000,
    "weightedAverageShsOutDil": 754000000,
    "link": "https://www.sec.gov/Archives/edgar/data/60667/000006066720000175/0000060667-20-000175-index.htm",
    "finalLink": "https://www.sec.gov/Archives/edgar/data/60667/000006066720000175/low-20201030.htm"
  },
  {
    "date": "2020-07-31",
    "symbol": "LOW",
    "reportedCurrency": "USD",
    "cik": "0000060667",
    "fillingDate": "2020-08-26",
    "acceptedDate": "2020-08-26 17:07:36",
    "calendarYear": "2020",
    "period": "Q2",
    "revenue": 27302000000,
    "costOfRevenue": 17998000000,
    "grossProfit": 9304000000,
    "grossProfitRatio": 0.3407808952,
    "researchAndDevelopmentExpenses": 0,
    "generalAndAdministrativeExpenses": 0,
    "sellingAndMarketingExpenses": 0,
    "sellingGeneralAndAdministrativeExpenses": 5020000000,
    "otherExpenses": 327000000,
    "operatingExpenses": 5347000000,
    "costAndExpenses": 23345000000,
    "interestIncome": 8000000,
    "interestExpense": 219000000,
    "depreciationAndAmortization": 374000000,
    "ebitda": 4331000000,
    "ebitdaratio": 0.1586330672,
    "operatingIncome": 3957000000,
    "operatingIncomeRatio": 0.144934437,
    "totalOtherIncomeExpensesNet": -219000000,
    "incomeBeforeTax": 3738000000,
    "incomeBeforeTaxRatio": 0.1369130467,
    "incomeTaxExpense": 910000000,
    "netIncome": 2828000000,
    "netIncomeRatio": 0.1035821552,
    "eps": 3.74,
    "epsdiluted": 3.74,
    "weightedAverageShsOut": 752000000,
    "weightedAverageShsOutDil": 753000000,
    "link": "https://www.sec.gov/Archives/edgar/data/60667/000006066720000138/0000060667-20-000138-index.htm",
    "finalLink": "https://www.sec.gov/Archives/edgar/data/60667/000006066720000138/low-20200731.htm"
  },
  {
    "date": "2020-05-01",
    "symbol": "LOW",
    "reportedCurrency": "USD",
    "cik": "0000060667",
    "fillingDate": "2020-05-28",
    "acceptedDate": "2020-05-28 16:54:03",
    "calendarYear": "2020",
    "period": "Q1",
    "revenue": 22309000000,
    "costOfRevenue": 15009000000,
    "grossProfit": 7300000000,
    "grossProfitRatio": 0.3272221973,
    "researchAndDevelopmentExpenses": 0,
    "generalAndAdministrativeExpenses": 0,
    "sellingAndMarketingExpenses": 0,
    "sellingGeneralAndAdministrativeExpenses": 4770000000,
    "otherExpenses": 355000000,
    "operatingExpenses": 4522000000,
    "costAndExpenses": 17684000000,
    "interestIncome": 5000000,
    "interestExpense": 205000000,
    "depreciationAndAmortization": 373000000,
    "ebitda": 2364000000,
    "ebitdaratio": 0.105966202,
    "operatingIncome": 1991000000,
    "operatingIncomeRatio": 0.0892464924,
    "totalOtherIncomeExpensesNet": -205000000,
    "incomeBeforeTax": 1786000000,
    "incomeBeforeTaxRatio": 0.0800573759,
    "incomeTaxExpense": 449000000,
    "netIncome": 1337000000,
    "netIncomeRatio": 0.0599309696,
    "eps": 1.76,
    "epsdiluted": 1.76,
    "weightedAverageShsOut": 755000000,
    "weightedAverageShsOutDil": 756000000,
    "link": "https://www.sec.gov/Archives/edgar/data/60667/000006066720000085/0000060667-20-000085-index.htm",
    "finalLink": "https://www.sec.gov/Archives/edgar/data/60667/000006066720000085/form10q_05012020.htm"
  }
]