[
  {
    "date": "2025-02-01",
    "symbol": "TJX",
    "reportedCurrency": "USD",
    "cik": "0000109198",
    "fillingDate": "2025-04-02",
    "acceptedDate": "2025-04-02 11:43:31",
    "calendarYear": "2025",
    "period": "FY",
    "revenue": 56360000000,
    "costOfRevenue": 39112000000,
    "grossProfit": 17248000000,
    "grossProfitRatio": 0.3060326473,
    "researchAndDevelopmentExpenses": 0,
    "generalAndAdministrativeExpenses": 13985000000,
    "sellingAndMarketingExpenses": -3039000000,
    "sellingGeneralAndAdministrativeExpenses": 10946000000,
    "otherExpenses": 0,
    "operatingExpenses": 10946000000,
    "costAndExpenses": 50058000000,
    "interestIncome": 0,
    "interestExpense": 0,
    "depreciationAndAmortization": 1104000000,
    "ebitda": 7406000000,
    "ebitdaratio": 0.131405252,
    "operatingIncome": 6302000000,
    "operatingIncomeRatio": 0.1118168914,
    "totalOtherIncomeExpensesNet": 181000000,
    "incomeBeforeTax": 6483000000,
    "incomeBeforeTaxRatio": 0.1150283889,
    "incomeTaxExpense": 1619000000,
    "netIncome": 4864000000,
    "netIncomeRatio": 0.0863023421,
    "eps": 4.31,
    "epsdiluted": 4.26,
    "weightedAverageShsOut": 1128000000,
    "weightedAverageShsOutDil": 1142000000,
    "link": "https://www.sec.gov/Archives/edgar/data/109198/000010919825000010/0000109198-25-000010-index.htm",
    "finalLink": "https://www.sec.gov/Archives/edgar/data/109198/000010919825000010/tjx-20250201.htm"
  },
  {
    "date": "2024-02-03",
    "symbol": "TJX",
    "reportedCurrency": "USD",
    "cik": "0000109198",
    "fillingDate": "2024-04-03",
    "acceptedDate": "2024-04-03 11:58:03",
    "calendarYear": "2024",
    "period": "FY",
    "revenue": 54217000000,
    "costOfRevenue": 37951000000,
    "grossProfit": 16266000000,
    "grossProfitRatio": 0.3000166,
    "researchAndDevelopmentExpenses": 0,
    "generalAndAdministrativeExpenses": 13401000000,
    "sellingAndMarketingExpenses": -2932000000,
    "sellingGeneralAndAdministrativeExpenses": 10469000000,
    "otherExpenses": 0,
    "operatingExpenses": 10469000000,
    "costAndExpenses": 48420000000,
    "interestIncome": 249000000,
    "interestExpense": 79000000,
    "depreciationAndAmortization": 964000000,
    "ebitda": 7010000000,
    "ebitdaratio": 0.1292952395,
    "operatingIncome": 5797000000,
    "operatingIncomeRatio": 0.1069221831,
    "totalOtherIncomeExpensesNet": 170000000,
    "incomeBeforeTax": 5967000000,
    "incomeBeforeTaxRatio": 0.110057731,
    "incomeTaxExpense": 1493000000,
    "netIncome": 4474000000,
    "netIncomeRatio": 0.0825202427,
    "eps": 3.9,
    "epsdiluted": 3.86,
    "weightedAverageShsOut": 1146000000,
    "weightedAverageShsOutDil": 1159000000,
    "link": "https://www.sec.gov/Archives/edgar/data/109198/000010919824000014/0000109198-24-000014-index.htm",
    "finalLink": "https://www.sec.gov/Archives/edgar/data/109198/000010919824000014/tjx-20240203.htm"
  },
  {
    "date": "2023-01-28",
    "symbol": "TJX",
    "reportedCurrency": "USD",
    "cik": "0000109198",
    "fillingDate": "2023-03-29",
    "acceptedDate": "2023-03-29 11:38:54",
    "calendarYear": "2023",
    "period": "FY",
    "revenue": 49936000000,
    "costOfRevenue": 36149000000,
    "grossProfit": 13787000000,
    "grossProfitRatio": 0.2760933996,
    "researchAndDevelopmentExpenses": 0,
    "generalAndAdministrativeExpenses": 8420000000,
    "sellingAndMarketingExpenses": 507000000,
    "sellingGeneralAndAdministrativeExpenses": 8927000000,
    "otherExpenses": 0,
    "operatingExpenses": 8927000000,
    "costAndExpenses": 45076000000,
    "interestIncome": 78000000,
    "interestExpense": 84000000,
    "depreciationAndAmortization": 887000000,
    "ebitda": 5965000000,
    "ebitdaratio": 0.1194528997,
    "operatingIncome": 5078000000,
    "operatingIncomeRatio": 0.1016901634,
    "totalOtherIncomeExpensesNet": -224000000,
    "incomeBeforeTax": 4636000000,
    "incomeBeforeTaxRatio": 0.0928388337,
    "incomeTaxExpense": 1138000000,
    "netIncome": 3498000000,
    "netIncomeRatio": 0.0700496636,
    "eps": 3,
    "epsdiluted": 2.97,
    "weightedAverageShsOut": 1166000000,
    "weightedAverageShsOutDil": 1178000000,
    "link": "https://www.sec.gov/Archives/edgar/data/109198/000010919823000004/0000109198-23-000004-index.htm",
    "finalLink": "https://www.sec.gov/Archives/edgar/data/109198/000010919823000004/tjx-20230128.htm"
  },
  {
    "date": "2022-01-29",
    "symbol": "TJX",
    "reportedCurrency": "USD",
    "cik": "0000109198",
    "fillingDate": "2022-03-30",
    "acceptedDate": "2022-03-30 11:55:23",
    "calendarYear": "2022",
    "period": "FY",
    "revenue": 48549982000,
    "costOfRevenue": 34713812000,
    "grossProfit": 13836170000,
    "grossProfitRatio": 0.2849881592,
    "researchAndDevelopmentExpenses": 0,
    "generalAndAdministrativeExpenses": 8575238000,
    "sellingAndMarketingExpenses": 506000000,
    "sellingGeneralAndAdministrativeExpenses": 9081238000,
    "otherExpenses": 0,
    "operatingExpenses": 9081238000,
    "costAndExpenses": 43795050000,
    "interestIncome": 4436000,
    "interestExpense": 115076000,
    "depreciationAndAmortization": 868002000,
    "ebitda": 5622932000,
    "ebitdaratio": 0.1158173859,
    "operatingIncome": 4754932000,
    "operatingIncomeRatio": 0.0979389035,
    "totalOtherIncomeExpensesNet": -357324000,
    "incomeBeforeTax": 4397608000,
    "incomeBeforeTaxRatio": 0.0905789831,
    "incomeTaxExpense": 1114793000,
    "netIncome": 3283000000,
    "netIncomeRatio": 0.0676210343,
    "eps": 2.74,
    "epsdiluted": 2.7,
    "weightedAverageShsOut": 1199990000,
    "weightedAverageShsOutDil": 1215591000,
    "link": "https://www.sec.gov/Archives/edgar/data/109198/000010919822000008/0000109198-22-000008-index.htm",
    "finalLink": "https://www.sec.gov/Archives/edgar/data/109198/000010919822000008/tjx-20220129.htm"
  },
  {
    "date": "2021-01-30",
    "symbol": "TJX",
    "reportedCurrency": "USD",
    "cik": "0000109198",
    "fillingDate": "2021-03-31",
    "acceptedDate": "2021-03-31 11:20:19",
    "calendarYear": "2021",
    "period": "FY",
    "revenue": 32136962000,
    "costOfRevenue": 24533815000,
    "grossProfit": 7603147000,
    "grossProfitRatio": 0.236585742,
    "researchAndDevelopmentExpenses": 0,
    "generalAndAdministrativeExpenses": 0,
    "sellingAndMarketingExpenses": 0,
    "sellingGeneralAndAdministrativeExpenses": 7020917000,
    "otherExpenses": 0,
    "operatingExpenses": 7020917000,
    "costAndExpenses": 31554732000,
    "interestIncome": 12920000,
    "interestExpense": 180734000,
    "depreciationAndAmortization": 870758000,
    "ebitda": 1153675000,
    "ebitdaratio": 0.0358986951,
    "operatingIncome": 582230000,
    "operatingIncomeRatio": 0.018117145,
    "totalOtherIncomeExpensesNet": -492737000,
    "incomeBeforeTax": 89263000,
    "incomeBeforeTaxRatio": 0.0027775805,
    "incomeTaxExpense": -1207000,
    "netIncome": 90000000,
    "netIncomeRatio": 0.0028005136,
    "eps": 0.0754,
    "epsdiluted": 0.0745,
    "weightedAverageShsOut": 1199927000,
    "weightedAverageShsOutDil": 1214703000,
    "link": "https://www.sec.gov/Archives/edgar/data/109198/000010919821000006/0000109198-21-000006-index.htm",
    "finalLink": "https://www.sec.gov/Archives/edgar/data/109198/000010919821000006/tjx-20210130.htm"
  },
  {
    "date": "2020-02-01",
    "symbol": "TJX",
    "reportedCurrency": "USD",
    "cik": "0000109198",
    "fillingDate": "2020-03-27",
    "acceptedDate": "2020-03-27 12:02:19",
    "calendarYear": "2020",
    "period": "FY",
    "revenue": 41716977000,
    "costOfRevenue": 29845780000,
    "grossProfit": 11871197000,
    "grossProfitRatio": 0.2845651304,
    "researchAndDevelopmentExpenses": 0,
    "generalAndAdministrativeExpenses": 0,
    "sellingAndMarketingExpenses": 0,
    "sellingGeneralAndAdministrativeExpenses": 7454988000,
    "otherExpenses": 0,
    "operatingExpenses": 7454988000,
    "costAndExpenses": 37300768000,
    "interestIncome": 49060000,
    "interestExpense": 10026000,
    "depreciationAndAmortization": 867303000,
    "ebitda": 5283512000,
    "ebitdaratio": 0.1266513631,
    "operatingIncome": 4416209000,
    "operatingIncomeRatio": 0.1058611941,
    "totalOtherIncomeExpensesNet": -10026000,
    "incomeBeforeTax": 4406183000,
    "incomeBeforeTaxRatio": 0.1056208603,
    "incomeTaxExpense": 1133990000,
    "netIncome": 3272193000,
    "netIncomeRatio": 0.0784379223,
    "eps": 2.71,
    "epsdiluted": 2.67,
    "weightedAverageShsOut": 1208163000,
    "weightedAverageShsOutDil": 1226519000,
    "link": "https://www.sec.gov/Archives/edgar/data/109198/000010919820000004/0000109198-20-000004-index.htm",
    "finalLink": "https://www.sec.gov/Archives/edgar/data/109198/000010919820000004/tjx-20200201.htm"
  },
  {
    "date": "2019-02-02",
    "symbol": "TJX",
    "reportedCurrency": "USD",
    "cik": "0000109198",
    "fillingDate": "2019-04-03",
    "acceptedDate": "2019-04-03 12:16:07",
    "calendarYear": "2019",
    "period": "FY",
    "revenue": 38972934000,
    "costOfRevenue": 27831177000,
    "grossProfit": 11141757000,
    "grossProfitRatio": 0.2858844808,
    "researchAndDevelopmentExpenses": 0,
    "generalAndAdministrativeExpenses": 0,
    "sellingAndMarketingExpenses": 0,
    "sellingGeneralAndAdministrativeExpenses": 6923564000,
    "otherExpenses": 0,
    "operatingExpenses": 6923564000,
    "costAndExpenses": 34754741000,
    "interestIncome": 55979000,
    "interestExpense": 8860000,
    "depreciationAndAmortization": 819655000,
    "ebitda": 5037848000,
    "ebitdaratio": 0.1292652999,
    "operatingIncome": 4254315000,
    "operatingIncomeRatio": 0.1091607576,
    "totalOtherIncomeExpensesNet": -81104000,
    "incomeBeforeTax": 4173211000,
    "incomeBeforeTaxRatio": 0.1070797236,
    "incomeTaxExpense": 1113413000,
    "netIncome": 3059798000,
    "netIncomeRatio": 0.0785108455,
    "eps": 2.51,
    "epsdiluted": 2.43,
    "weightedAverageShsOut": 1217182508,
    "weightedAverageShsOutDil": 1259252000,
    "link": "https://www.sec.gov/Archives/edgar/data/109198/000162828019003834/0001628280-19-003834-index.htm",
    "finalLink": "https://www.sec.gov/Archives/edgar/data/109198/000162828019003834/tjx-10kx20190202.htm"
  },
  {
    "date": "2018-02-03",
    "symbol": "TJX",
    "reportedCurrency": "USD",
    "cik": "0000109198",
    "fillingDate": "2018-04-04",
    "acceptedDate": "2018-04-04 15:19:20",
    "calendarYear": "2018",
    "period": "FY",
    "revenue": 35864664000,
    "costOfRevenue": 25502167000,
    "grossProfit": 10362497000,
    "grossProfitRatio": 0.2889333356,
    "researchAndDevelopmentExpenses": 0,
    "generalAndAdministrativeExpenses": 0,
    "sellingAndMarketingExpenses": 0,
    "sellingGeneralAndAdministrativeExpenses": 6375071000,
    "otherExpenses": 0,
    "operatingExpenses": 6375071000,
    "costAndExpenses": 31877238000,
    "interestIncome": 32707000,
    "interestExpense": 31588000,
    "depreciationAndAmortization": 725957000,
    "ebitda": 4713383000,
    "ebitdaratio": 0.1314213623,
    "operatingIncome": 3987426000,
    "operatingIncomeRatio": 0.1111797952,
    "totalOtherIncomeExpensesNet": -130838000,
    "incomeBeforeTax": 3856588000,
    "incomeBeforeTaxRatio": 0.1075316919,
    "incomeTaxExpense": 1248640000,
    "netIncome": 2607948000,
    "netIncomeRatio": 0.0727163651,
    "eps": 2.06,
    "epsdiluted": 2.02,
    "weightedAverageShsOut": 1256018044,
    "weightedAverageShsOutDil": 1292210000,
    "link": "https://www.sec.gov/Archives/edgar/data/109198/000119312518107423/0001193125-18-107423-index.htm",
    "finalLink": "https://www.sec.gov/Archives/edgar/data/109198/000119312518107423/d518812d10k.htm"
  },
  {
    "date": "2017-01-28",
    "symbol": "TJX",
    "reportedCurrency": "USD",
    "cik": "0000109198",
    "fillingDate": "2017-03-28",
    "acceptedDate": "2017-03-28 15:26:41",
    "calendarYear": "2017",
    "period": "FY",
    "revenue": 33183744000,
    "costOfRevenue": 23565754000,
    "grossProfit": 9617990000,
    "grossProfitRatio": 0.289840411,
    "researchAndDevelopmentExpenses": 0,
    "generalAndAdministrativeExpenses": 0,
    "sellingAndMarketingExpenses": 0,
    "sellingGeneralAndAdministrativeExpenses": 5768467000,
    "otherExpenses": 0,
    "operatingExpenses": 5768467000,
    "costAndExpenses": 29334221000,
    "interestIncome": 18137000,
    "interestExpense": 43534000,
    "depreciationAndAmortization": 658796000,
    "ebitda": 4508319000,
    "ebitdaratio": 0.1358592629,
    "operatingIncome": 3849523000,
    "operatingIncomeRatio": 0.1160062891,
    "totalOtherIncomeExpensesNet": -126480000,
    "incomeBeforeTax": 3723043000,
    "incomeBeforeTaxRatio": 0.1121947843,
    "incomeTaxExpense": 1424809000,
    "netIncome": 2298234000,
    "netIncomeRatio": 0.069257827,
    "eps": 1.78,
    "epsdiluted": 1.73,
    "weightedAverageShsOut": 1292638092,
    "weightedAverageShsOutDil": 1328864000,
    "link": "https://www.sec.gov/Archives/edgar/data/109198/000119312517099642/0001193125-17-099642-index.htm",
    "finalLink": "https://www.sec.gov/Archives/edgar/data/109198/000119312517099642/d269088d10k.htm"
  },
  {
    "date": "2016-01-30",
    "symbol": "TJX",
    "reportedCurrency": "USD",
    "cik": "0000109198",
    "fillingDate": "2016-03-29",
    "acceptedDate": "2016-03-29 16:10:58",
    "calendarYear": "2016",
    "period": "FY",
    "revenue": 30944938000,
    "costOfRevenue": 22034523000,
    "grossProfit": 8910415000,
    "grossProfitRatio": 0.2879441865,
    "researchAndDevelopmentExpenses": 0,
    "generalAndAdministrativeExpenses": 0,
    "sellingAndMarketingExpenses": 0,
    "sellingGeneralAndAdministrativeExpenses": 5205715000,
    "otherExpenses": 0,
    "operatingExpenses": 5205715000,
    "costAndExpenses": 27240238000,
    "interestIncome": 13869000,
    "interestExpense": 46400000,
    "depreciationAndAmortization": 616696000,
    "ebitda": 4321396000,
    "ebitdaratio": 0.1396479127,
    "operatingIncome": 3704700000,
    "operatingIncomeRatio": 0.1197190959,
    "totalOtherIncomeExpensesNet": -46400000,
    "incomeBeforeTax": 3658300000,
    "incomeBeforeTaxRatio": 0.1182196584,
    "incomeTaxExpense": 1380642000,
    "netIncome": 2277658000,
    "netIncomeRatio": 0.0736035729,
    "eps": 1.72,
    "epsdiluted": 1.67,
    "weightedAverageShsOut": 1326991430,
    "weightedAverageShsOutDil": 1366502000,
    "link": "https://www.sec.gov/Archives/edgar/data/109198/000119312516521424/0001193125-16-521424-index.htm",
    "finalLink": "https://www.sec.gov/Archives/edgar/data/109198/000119312516521424/d110852d10k.htm"
  }
]