[
  {
    "date": "2025-02-01",
    "symbol": "TJX",
    "reportedCurrency": "USD",
    "cik": "0000109198",
    "fillingDate": "2025-04-02",
    "acceptedDate": "2025-04-02 11:43:31",
    "calendarYear": "2025",
    "period": "Q4",
    "revenue": 16350000000,
    "costOfRevenue": 11371000000,
    "grossProfit": 4979000000,
    "grossProfitRatio": 0.3045259939,
    "researchAndDevelopmentExpenses": 0,
    "generalAndAdministrativeExpenses": 2515000000,
    "sellingAndMarketingExpenses": 617000000,
    "sellingGeneralAndAdministrativeExpenses": 3132000000,
    "otherExpenses": 0,
    "operatingExpenses": 3132000000,
    "costAndExpenses": 14503000000,
    "interestIncome": 0,
    "interestExpense": 0,
    "depreciationAndAmortization": 309000000,
    "ebitda": 2156000000,
    "ebitdaratio": 0.1318654434,
    "operatingIncome": 1847000000,
    "operatingIncomeRatio": 0.1129663609,
    "totalOtherIncomeExpensesNet": 42000000,
    "incomeBeforeTax": 1889000000,
    "incomeBeforeTaxRatio": 0.1155351682,
    "incomeTaxExpense": 491000000,
    "netIncome": 1398000000,
    "netIncomeRatio": 0.0855045872,
    "eps": 1.23,
    "epsdiluted": 1.23,
    "weightedAverageShsOut": 1138000000,
    "weightedAverageShsOutDil": 1138000000,
    "link": "https://www.sec.gov/Archives/edgar/data/109198/000010919825000010/0000109198-25-000010-index.htm",
    "finalLink": "https://www.sec.gov/Archives/edgar/data/109198/000010919825000010/tjx-20250201.htm"
  },
  {
    "date": "2024-11-02",
    "symbol": "TJX",
    "reportedCurrency": "USD",
    "cik": "0000109198",
    "fillingDate": "2024-12-04",
    "acceptedDate": "2024-12-04 11:27:38",
    "calendarYear": "2025",
    "period": "Q3",
    "revenue": 14063000000,
    "costOfRevenue": 9622000000,
    "grossProfit": 4441000000,
    "grossProfitRatio": 0.3157932162,
    "researchAndDevelopmentExpenses": 0,
    "generalAndAdministrativeExpenses": 0,
    "sellingAndMarketingExpenses": 0,
    "sellingGeneralAndAdministrativeExpenses": 2748000000,
    "otherExpenses": 0,
    "operatingExpenses": 2748000000,
    "costAndExpenses": 12370000000,
    "interestIncome": 63000000,
    "interestExpense": 20000000,
    "depreciationAndAmortization": 266000000,
    "ebitda": 1959000000,
    "ebitdaratio": 0.1393017137,
    "operatingIncome": 1693000000,
    "operatingIncomeRatio": 0.1203868307,
    "totalOtherIncomeExpensesNet": 43000000,
    "incomeBeforeTax": 1736000000,
    "incomeBeforeTaxRatio": 0.1234444998,
    "incomeTaxExpense": 439000000,
    "netIncome": 1297000000,
    "netIncomeRatio": 0.0922278319,
    "eps": 1.15,
    "epsdiluted": 1.14,
    "weightedAverageShsOut": 1127000000,
    "weightedAverageShsOutDil": 1141000000,
    "link": "https://www.sec.gov/Archives/edgar/data/109198/000010919824000059/0000109198-24-000059-index.htm",
    "finalLink": "https://www.sec.gov/Archives/edgar/data/109198/000010919824000059/tjx-20241102.htm"
  },
  {
    "date": "2024-08-03",
    "symbol": "TJX",
    "reportedCurrency": "USD",
    "cik": "0000109198",
    "fillingDate": "2024-08-30",
    "acceptedDate": "2024-08-30 11:17:33",
    "calendarYear": "2025",
    "period": "Q2",
    "revenue": 13468000000,
    "costOfRevenue": 9380000000,
    "grossProfit": 4088000000,
    "grossProfitRatio": 0.3035343035,
    "researchAndDevelopmentExpenses": 0,
    "generalAndAdministrativeExpenses": 0,
    "sellingAndMarketingExpenses": 0,
    "sellingGeneralAndAdministrativeExpenses": 2666000000,
    "otherExpenses": 0,
    "operatingExpenses": 2666000000,
    "costAndExpenses": 12046000000,
    "interestIncome": 66000000,
    "interestExpense": 20000000,
    "depreciationAndAmortization": 265000000,
    "ebitda": 1687000000,
    "ebitdaratio": 0.1252598753,
    "operatingIncome": 1422000000,
    "operatingIncomeRatio": 0.1055836056,
    "totalOtherIncomeExpensesNet": 46000000,
    "incomeBeforeTax": 1468000000,
    "incomeBeforeTaxRatio": 0.108999109,
    "incomeTaxExpense": 369000000,
    "netIncome": 1099000000,
    "netIncomeRatio": 0.0816008316,
    "eps": 0.97,
    "epsdiluted": 0.96,
    "weightedAverageShsOut": 1130149156,
    "weightedAverageShsOutDil": 1144000000,
    "link": "https://www.sec.gov/Archives/edgar/data/109198/000010919824000048/0000109198-24-000048-index.htm",
    "finalLink": "https://www.sec.gov/Archives/edgar/data/109198/000010919824000048/tjx-20240803.htm"
  },
  {
    "date": "2024-05-04",
    "symbol": "TJX",
    "reportedCurrency": "USD",
    "cik": "0000109198",
    "fillingDate": "2024-05-31",
    "acceptedDate": "2024-05-31 11:39:41",
    "calendarYear": "2025",
    "period": "Q1",
    "revenue": 12479000000,
    "costOfRevenue": 8739000000,
    "grossProfit": 3740000000,
    "grossProfitRatio": 0.2997035019,
    "researchAndDevelopmentExpenses": 0,
    "generalAndAdministrativeExpenses": 0,
    "sellingAndMarketingExpenses": 0,
    "sellingGeneralAndAdministrativeExpenses": 2400000000,
    "otherExpenses": 0,
    "operatingExpenses": 2400000000,
    "costAndExpenses": 11139000000,
    "interestIncome": 69000000,
    "interestExpense": 19000000,
    "depreciationAndAmortization": 264000000,
    "ebitda": 1604000000,
    "ebitdaratio": 0.1285359404,
    "operatingIncome": 1340000000,
    "operatingIncomeRatio": 0.1073803991,
    "totalOtherIncomeExpensesNet": 50000000,
    "incomeBeforeTax": 1390000000,
    "incomeBeforeTaxRatio": 0.1113871304,
    "incomeTaxExpense": 320000000,
    "netIncome": 1070000000,
    "netIncomeRatio": 0.08574405,
    "eps": 0.94,
    "epsdiluted": 0.93,
    "weightedAverageShsOut": 1132502522,
    "weightedAverageShsOutDil": 1146000000,
    "link": "https://www.sec.gov/Archives/edgar/data/109198/000010919824000035/0000109198-24-000035-index.htm",
    "finalLink": "https://www.sec.gov/Archives/edgar/data/109198/000010919824000035/tjx-20240504.htm"
  },
  {
    "date": "2024-02-03",
    "symbol": "TJX",
    "reportedCurrency": "USD",
    "cik": "0000109198",
    "fillingDate": "2024-04-03",
    "acceptedDate": "2024-04-03 11:58:03",
    "calendarYear": "2024",
    "period": "Q4",
    "revenue": 16411000000,
    "costOfRevenue": 11484000000,
    "grossProfit": 4927000000,
    "grossProfitRatio": 0.3002254585,
    "researchAndDevelopmentExpenses": 0,
    "generalAndAdministrativeExpenses": 2512000000,
    "sellingAndMarketingExpenses": 573000000,
    "sellingGeneralAndAdministrativeExpenses": 3085000000,
    "otherExpenses": 0,
    "operatingExpenses": 3085000000,
    "costAndExpenses": 14569000000,
    "interestIncome": 54000000,
    "interestExpense": 0,
    "depreciationAndAmortization": 252000000,
    "ebitda": 2094000000,
    "ebitdaratio": 0.1275973432,
    "operatingIncome": 1842000000,
    "operatingIncomeRatio": 0.112241789,
    "totalOtherIncomeExpensesNet": 5851000000,
    "incomeBeforeTax": 1843000000,
    "incomeBeforeTaxRatio": 0.1123027238,
    "incomeTaxExpense": 440000000,
    "netIncome": 1403000000,
    "netIncomeRatio": 0.0854914387,
    "eps": 1.24,
    "epsdiluted": 1.22,
    "weightedAverageShsOut": 1133586545,
    "weightedAverageShsOutDil": 1152000000,
    "link": "https://www.sec.gov/Archives/edgar/data/109198/000010919824000014/0000109198-24-000014-index.htm",
    "finalLink": "https://www.sec.gov/Archives/edgar/data/109198/000010919824000014/tjx-20240203.htm"
  },
  {
    "date": "2023-10-28",
    "symbol": "TJX",
    "reportedCurrency": "USD",
    "cik": "0000109198",
    "fillingDate": "2023-11-29",
    "acceptedDate": "2023-11-29 10:56:51",
    "calendarYear": "2024",
    "period": "Q3",
    "revenue": 13265000000,
    "costOfRevenue": 9139000000,
    "grossProfit": 4126000000,
    "grossProfitRatio": 0.311044101,
    "researchAndDevelopmentExpenses": 0,
    "generalAndAdministrativeExpenses": 0,
    "sellingAndMarketingExpenses": 0,
    "sellingGeneralAndAdministrativeExpenses": 2578000000,
    "otherExpenses": 0,
    "operatingExpenses": 2578000000,
    "costAndExpenses": 11717000000,
    "interestIncome": 60000000,
    "interestExpense": 19000000,
    "depreciationAndAmortization": 245000000,
    "ebitda": 1793000000,
    "ebitdaratio": 0.1351677346,
    "operatingIncome": 1548000000,
    "operatingIncomeRatio": 0.1166980776,
    "totalOtherIncomeExpensesNet": 41000000,
    "incomeBeforeTax": 1589000000,
    "incomeBeforeTaxRatio": 0.1197889182,
    "incomeTaxExpense": 398000000,
    "netIncome": 1191000000,
    "netIncomeRatio": 0.0897851489,
    "eps": 1.04,
    "epsdiluted": 1.03,
    "weightedAverageShsOut": 1144000000,
    "weightedAverageShsOutDil": 1158000000,
    "link": "https://www.sec.gov/Archives/edgar/data/109198/000010919823000060/0000109198-23-000060-index.htm",
    "finalLink": "https://www.sec.gov/Archives/edgar/data/109198/000010919823000060/tjx-20231028.htm"
  },
  {
    "date": "2023-07-29",
    "symbol": "TJX",
    "reportedCurrency": "USD",
    "cik": "0000109198",
    "fillingDate": "2023-08-25",
    "acceptedDate": "2023-08-25 12:02:29",
    "calendarYear": "2024",
    "period": "Q2",
    "revenue": 12758000000,
    "costOfRevenue": 8910000000,
    "grossProfit": 3848000000,
    "grossProfitRatio": 0.3016146731,
    "researchAndDevelopmentExpenses": 0,
    "generalAndAdministrativeExpenses": 0,
    "sellingAndMarketingExpenses": 0,
    "sellingGeneralAndAdministrativeExpenses": 2559000000,
    "otherExpenses": 0,
    "operatingExpenses": 2559000000,
    "costAndExpenses": 11469000000,
    "interestIncome": 57000000,
    "interestExpense": 19000000,
    "depreciationAndAmortization": 235000000,
    "ebitda": 1524000000,
    "ebitdaratio": 0.1194544599,
    "operatingIncome": 1289000000,
    "operatingIncomeRatio": 0.1010346449,
    "totalOtherIncomeExpensesNet": 38000000,
    "incomeBeforeTax": 1327000000,
    "incomeBeforeTaxRatio": 0.1040131682,
    "incomeTaxExpense": 338000000,
    "netIncome": 989000000,
    "netIncomeRatio": 0.0775199875,
    "eps": 0.86,
    "epsdiluted": 0.85,
    "weightedAverageShsOut": 1148000000,
    "weightedAverageShsOutDil": 1161000000,
    "link": "https://www.sec.gov/Archives/edgar/data/109198/000010919823000051/0000109198-23-000051-index.htm",
    "finalLink": "https://www.sec.gov/Archives/edgar/data/109198/000010919823000051/tjx-20230729.htm"
  },
  {
    "date": "2023-04-29",
    "symbol": "TJX",
    "reportedCurrency": "USD",
    "cik": "0000109198",
    "fillingDate": "2023-05-26",
    "acceptedDate": "2023-05-26 11:11:52",
    "calendarYear": "2024",
    "period": "Q1",
    "revenue": 11783000000,
    "costOfRevenue": 8374000000,
    "grossProfit": 3409000000,
    "grossProfitRatio": 0.289315115,
    "researchAndDevelopmentExpenses": 0,
    "generalAndAdministrativeExpenses": 0,
    "sellingAndMarketingExpenses": 0,
    "sellingGeneralAndAdministrativeExpenses": 2238000000,
    "otherExpenses": 0,
    "operatingExpenses": 2238000000,
    "costAndExpenses": 10612000000,
    "interestIncome": 59000000,
    "interestExpense": 22000000,
    "depreciationAndAmortization": 232000000,
    "ebitda": 1403000000,
    "ebitdaratio": 0.1190698464,
    "operatingIncome": 1171000000,
    "operatingIncomeRatio": 0.0993804634,
    "totalOtherIncomeExpensesNet": 37000000,
    "incomeBeforeTax": 1208000000,
    "incomeBeforeTaxRatio": 0.1025205805,
    "incomeTaxExpense": 317000000,
    "netIncome": 891000000,
    "netIncomeRatio": 0.0756174149,
    "eps": 0.77,
    "epsdiluted": 0.76,
    "weightedAverageShsOut": 1153000000,
    "weightedAverageShsOutDil": 1165000000,
    "link": "https://www.sec.gov/Archives/edgar/data/109198/000010919823000031/0000109198-23-000031-index.htm",
    "finalLink": "https://www.sec.gov/Archives/edgar/data/109198/000010919823000031/tjx-20230429.htm"
  },
  {
    "date": "2023-01-28",
    "symbol": "TJX",
    "reportedCurrency": "USD",
    "cik": "0000109198",
    "fillingDate": "2023-03-29",
    "acceptedDate": "2023-03-29 11:38:54",
    "calendarYear": "2023",
    "period": "Q4",
    "revenue": 14520232000,
    "costOfRevenue": 10731681000,
    "grossProfit": 3788551000,
    "grossProfitRatio": 0.2609153215,
    "researchAndDevelopmentExpenses": 0,
    "generalAndAdministrativeExpenses": 0,
    "sellingAndMarketingExpenses": 0,
    "sellingGeneralAndAdministrativeExpenses": 2472611000,
    "otherExpenses": 0,
    "operatingExpenses": 3788551000,
    "costAndExpenses": 14520232000,
    "interestIncome": 44000000,
    "interestExpense": 20000000,
    "depreciationAndAmortization": 230919000,
    "ebitda": 1589843000,
    "ebitdaratio": 0.1094915701,
    "operatingIncome": 1315940000,
    "operatingIncomeRatio": 0.0906280285,
    "totalOtherIncomeExpensesNet": 22984000,
    "incomeBeforeTax": 1338924000,
    "incomeBeforeTaxRatio": 0.0922109234,
    "incomeTaxExpense": 300543000,
    "netIncome": 1038381000,
    "netIncomeRatio": 0.0715127003,
    "eps": 0.9,
    "epsdiluted": 0.89,
    "weightedAverageShsOut": 1155437908,
    "weightedAverageShsOutDil": 1171000000,
    "link": "https://www.sec.gov/Archives/edgar/data/109198/000010919823000004/0000109198-23-000004-index.htm",
    "finalLink": "https://www.sec.gov/Archives/edgar/data/109198/000010919823000004/tjx-20230128.htm"
  },
  {
    "date": "2022-10-29",
    "symbol": "TJX",
    "reportedCurrency": "USD",
    "cik": "0000109198",
    "fillingDate": "2022-11-29",
    "acceptedDate": "2022-11-29 11:30:57",
    "calendarYear": "2023",
    "period": "Q3",
    "revenue": 12167000000,
    "costOfRevenue": 8624000000,
    "grossProfit": 3543000000,
    "grossProfitRatio": 0.2911975014,
    "researchAndDevelopmentExpenses": 0,
    "generalAndAdministrativeExpenses": 0,
    "sellingAndMarketingExpenses": 0,
    "sellingGeneralAndAdministrativeExpenses": 2185000000,
    "otherExpenses": 0,
    "operatingExpenses": 2185000000,
    "costAndExpenses": 10809000000,
    "interestIncome": 21000000,
    "interestExpense": 20000000,
    "depreciationAndAmortization": 218000000,
    "ebitda": 1576000000,
    "ebitdaratio": 0.1295306978,
    "operatingIncome": 1358000000,
    "operatingIncomeRatio": 0.1116133805,
    "totalOtherIncomeExpensesNet": 1000000,
    "incomeBeforeTax": 1359000000,
    "incomeBeforeTaxRatio": 0.11169557,
    "incomeTaxExpense": 296000000,
    "netIncome": 1063000000,
    "netIncomeRatio": 0.0873674694,
    "eps": 0.92,
    "epsdiluted": 0.91,
    "weightedAverageShsOut": 1156263970,
    "weightedAverageShsOutDil": 1172267000,
    "link": "https://www.sec.gov/Archives/edgar/data/109198/000010919822000044/0000109198-22-000044-index.htm",
    "finalLink": "https://www.sec.gov/Archives/edgar/data/109198/000010919822000044/tjx-20221029.htm"
  },
  {
    "date": "2022-07-30",
    "symbol": "TJX",
    "reportedCurrency": "USD",
    "cik": "0000109198",
    "fillingDate": "2022-08-26",
    "acceptedDate": "2022-08-26 11:17:42",
    "calendarYear": "2023",
    "period": "Q2",
    "revenue": 11843008000,
    "costOfRevenue": 8571550000,
    "grossProfit": 3271458000,
    "grossProfitRatio": 0.2762353956,
    "researchAndDevelopmentExpenses": 0,
    "generalAndAdministrativeExpenses": 0,
    "sellingAndMarketingExpenses": 0,
    "sellingGeneralAndAdministrativeExpenses": 2174861000,
    "otherExpenses": 0,
    "operatingExpenses": 2174861000,
    "costAndExpenses": 10746411000,
    "interestIncome": 10000000,
    "interestExpense": 11007000,
    "depreciationAndAmortization": 218100000,
    "ebitda": 1314697000,
    "ebitdaratio": 0.1110103953,
    "operatingIncome": 1096597000,
    "operatingIncomeRatio": 0.0925944659,
    "totalOtherIncomeExpensesNet": -11007000,
    "incomeBeforeTax": 1085590000,
    "incomeBeforeTaxRatio": 0.0916650567,
    "incomeTaxExpense": 276250000,
    "netIncome": 809340000,
    "netIncomeRatio": 0.0683390571,
    "eps": 0.69,
    "epsdiluted": 0.69,
    "weightedAverageShsOut": 1168000000,
    "weightedAverageShsOutDil": 1178000000,
    "link": "https://www.sec.gov/Archives/edgar/data/109198/000010919822000041/0000109198-22-000041-index.htm",
    "finalLink": "https://www.sec.gov/Archives/edgar/data/109198/000010919822000041/tjx-20220730.htm"
  },
  {
    "date": "2022-04-30",
    "symbol": "TJX",
    "reportedCurrency": "USD",
    "cik": "0000109198",
    "fillingDate": "2022-05-27",
    "acceptedDate": "2022-05-27 11:12:19",
    "calendarYear": "2023",
    "period": "Q1",
    "revenue": 11406474000,
    "costOfRevenue": 8223213000,
    "grossProfit": 3183261000,
    "grossProfitRatio": 0.2790749359,
    "researchAndDevelopmentExpenses": 0,
    "generalAndAdministrativeExpenses": 0,
    "sellingAndMarketingExpenses": 0,
    "sellingGeneralAndAdministrativeExpenses": 2094582000,
    "otherExpenses": 0,
    "operatingExpenses": 2094582000,
    "costAndExpenses": 10317795000,
    "interestIncome": 2500000,
    "interestExpense": 18785000,
    "depreciationAndAmortization": 219605000,
    "ebitda": 1093165000,
    "ebitdaratio": 0.0958372412,
    "operatingIncome": 1088679000,
    "operatingIncomeRatio": 0.0954439558,
    "totalOtherIncomeExpensesNet": -236404000,
    "incomeBeforeTax": 852275000,
    "incomeBeforeTaxRatio": 0.0747185327,
    "incomeTaxExpense": 264802000,
    "netIncome": 587473000,
    "netIncomeRatio": 0.0515034707,
    "eps": 0.5,
    "epsdiluted": 0.49,
    "weightedAverageShsOut": 1177000000,
    "weightedAverageShsOutDil": 1189263000,
    "link": "https://www.sec.gov/Archives/edgar/data/109198/000010919822000029/0000109198-22-000029-index.htm",
    "finalLink": "https://www.sec.gov/Archives/edgar/data/109198/000010919822000029/tjx-20220430.htm"
  },
  {
    "date": "2022-01-29",
    "symbol": "TJX",
    "reportedCurrency": "USD",
    "cik": "0000109198",
    "fillingDate": "2022-03-30",
    "acceptedDate": "2022-03-30 11:55:23",
    "calendarYear": "2022",
    "period": "Q4",
    "revenue": 13854368000,
    "costOfRevenue": 10094515000,
    "grossProfit": 3759853000,
    "grossProfitRatio": 0.2713839419,
    "researchAndDevelopmentExpenses": 0,
    "generalAndAdministrativeExpenses": 0,
    "sellingAndMarketingExpenses": 0,
    "sellingGeneralAndAdministrativeExpenses": 2495905000,
    "otherExpenses": 0,
    "operatingExpenses": 2495905000,
    "costAndExpenses": 12590420000,
    "interestIncome": 736000,
    "interestExpense": 21053000,
    "depreciationAndAmortization": 220392000,
    "ebitda": 1485076000,
    "ebitdaratio": 0.1071918979,
    "operatingIncome": 1263948000,
    "operatingIncomeRatio": 0.091231011,
    "totalOtherIncomeExpensesNet": -21053000,
    "incomeBeforeTax": 1242895000,
    "incomeBeforeTaxRatio": 0.0897114181,
    "incomeTaxExpense": 302691000,
    "netIncome": 940204000,
    "netIncomeRatio": 0.0678633627,
    "eps": 0.8,
    "epsdiluted": 0.78,
    "weightedAverageShsOut": 1181188731,
    "weightedAverageShsOutDil": 1204650000,
    "link": "https://www.sec.gov/Archives/edgar/data/109198/000010919822000008/0000109198-22-000008-index.htm",
    "finalLink": "https://www.sec.gov/Archives/edgar/data/109198/000010919822000008/tjx-20220129.htm"
  },
  {
    "date": "2021-10-30",
    "symbol": "TJX",
    "reportedCurrency": "USD",
    "cik": "0000109198",
    "fillingDate": "2021-11-30",
    "acceptedDate": "2021-11-30 11:16:51",
    "calendarYear": "2022",
    "period": "Q3",
    "revenue": 12531890000,
    "costOfRevenue": 8835532000,
    "grossProfit": 3696358000,
    "grossProfitRatio": 0.2949561479,
    "researchAndDevelopmentExpenses": 0,
    "generalAndAdministrativeExpenses": 0,
    "sellingAndMarketingExpenses": 0,
    "sellingGeneralAndAdministrativeExpenses": 2296649000,
    "otherExpenses": 0,
    "operatingExpenses": 2296649000,
    "costAndExpenses": 11132181000,
    "interestIncome": 1400000,
    "interestExpense": 20674000,
    "depreciationAndAmortization": 217049000,
    "ebitda": 1616758000,
    "ebitdaratio": 0.1290115058,
    "operatingIncome": 1401135000,
    "operatingIncomeRatio": 0.1118055617,
    "totalOtherIncomeExpensesNet": -20674000,
    "incomeBeforeTax": 1379035000,
    "incomeBeforeTaxRatio": 0.1100420607,
    "incomeTaxExpense": 356035000,
    "netIncome": 1023000000,
    "netIncomeRatio": 0.0816317411,
    "eps": 0.86,
    "epsdiluted": 0.84,
    "weightedAverageShsOut": 1194260626,
    "weightedAverageShsOutDil": 1215690000,
    "link": "https://www.sec.gov/Archives/edgar/data/109198/000010919821000030/0000109198-21-000030-index.htm",
    "finalLink": "https://www.sec.gov/Archives/edgar/data/109198/000010919821000030/tjx-20211030.htm"
  },
  {
    "date": "2021-07-31",
    "symbol": "TJX",
    "reportedCurrency": "USD",
    "cik": "0000109198",
    "fillingDate": "2021-08-27",
    "acceptedDate": "2021-08-27 11:21:23",
    "calendarYear": "2022",
    "period": "Q2",
    "revenue": 12077063000,
    "costOfRevenue": 8528130000,
    "grossProfit": 3548933000,
    "grossProfitRatio": 0.2938572896,
    "researchAndDevelopmentExpenses": 0,
    "generalAndAdministrativeExpenses": 0,
    "sellingAndMarketingExpenses": 0,
    "sellingGeneralAndAdministrativeExpenses": 2223692000,
    "otherExpenses": 0,
    "operatingExpenses": 2223692000,
    "costAndExpenses": 10751822000,
    "interestIncome": 1100000,
    "interestExpense": 28661000,
    "depreciationAndAmortization": 215182000,
    "ebitda": 1540423000,
    "ebitdaratio": 0.1275494713,
    "operatingIncome": 1325241000,
    "operatingIncomeRatio": 0.1097320599,
    "totalOtherIncomeExpensesNet": -270909000,
    "incomeBeforeTax": 1054332000,
    "incomeBeforeTaxRatio": 0.0873003643,
    "incomeTaxExpense": 268651000,
    "netIncome": 785681000,
    "netIncomeRatio": 0.0650556348,
    "eps": 0.65,
    "epsdiluted": 0.64,
    "weightedAverageShsOut": 1202980524,
    "weightedAverageShsOutDil": 1220615000,
    "link": "https://www.sec.gov/Archives/edgar/data/109198/000010919821000027/0000109198-21-000027-index.htm",
    "finalLink": "https://www.sec.gov/Archives/edgar/data/109198/000010919821000027/tjx-20210731.htm"
  },
  {
    "date": "2021-05-01",
    "symbol": "TJX",
    "reportedCurrency": "USD",
    "cik": "0000109198",
    "fillingDate": "2021-05-28",
    "acceptedDate": "2021-05-28 11:18:56",
    "calendarYear": "2022",
    "period": "Q1",
    "revenue": 10086661000,
    "costOfRevenue": 7255635000,
    "grossProfit": 2831026000,
    "grossProfitRatio": 0.2806702833,
    "researchAndDevelopmentExpenses": 0,
    "generalAndAdministrativeExpenses": 0,
    "sellingAndMarketingExpenses": 0,
    "sellingGeneralAndAdministrativeExpenses": 2064992000,
    "otherExpenses": 0,
    "operatingExpenses": 2064992000,
    "costAndExpenses": 9320627000,
    "interestIncome": 1200000,
    "interestExpense": 45900000,
    "depreciationAndAmortization": 215379000,
    "ebitda": 981413000,
    "ebitdaratio": 0.0972981049,
    "operatingIncome": 766034000,
    "operatingIncomeRatio": 0.0759452509,
    "totalOtherIncomeExpensesNet": -44688000,
    "incomeBeforeTax": 721346000,
    "incomeBeforeTaxRatio": 0.0715148452,
    "incomeTaxExpense": 187416000,
    "netIncome": 533930000,
    "netIncomeRatio": 0.0529342664,
    "eps": 0.44,
    "epsdiluted": 0.44,
    "weightedAverageShsOut": 1206386746,
    "weightedAverageShsOutDil": 1221517000,
    "link": "https://www.sec.gov/Archives/edgar/data/109198/000010919821000019/0000109198-21-000019-index.htm",
    "finalLink": "https://www.sec.gov/Archives/edgar/data/109198/000010919821000019/tjx-20210501.htm"
  },
  {
    "date": "2021-01-30",
    "symbol": "TJX",
    "reportedCurrency": "USD",
    "cik": "0000109198",
    "fillingDate": "2021-03-31",
    "acceptedDate": "2021-03-31 11:20:19",
    "calendarYear": "2021",
    "period": "Q4",
    "revenue": 10943210000,
    "costOfRevenue": 7882575000,
    "grossProfit": 3060635000,
    "grossProfitRatio": 0.279683475,
    "researchAndDevelopmentExpenses": 0,
    "generalAndAdministrativeExpenses": 0,
    "sellingAndMarketingExpenses": 0,
    "sellingGeneralAndAdministrativeExpenses": 2193101000,
    "otherExpenses": 0,
    "operatingExpenses": 2193101000,
    "costAndExpenses": 10075676000,
    "interestIncome": 1720000,
    "interestExpense": 47163000,
    "depreciationAndAmortization": 212300000,
    "ebitda": 567795000,
    "ebitdaratio": 0.0518855985,
    "operatingIncome": 867534000,
    "operatingIncomeRatio": 0.0792760077,
    "totalOtherIncomeExpensesNet": -359396000,
    "incomeBeforeTax": 508138000,
    "incomeBeforeTaxRatio": 0.0464340902,
    "incomeTaxExpense": 182615000,
    "netIncome": 325523000,
    "netIncomeRatio": 0.0297465734,
    "eps": 0.27,
    "epsdiluted": 0.27,
    "weightedAverageShsOut": 1204698124,
    "weightedAverageShsOutDil": 1219479000,
    "link": "https://www.sec.gov/Archives/edgar/data/109198/000010919821000006/0000109198-21-000006-index.htm",
    "finalLink": "https://www.sec.gov/Archives/edgar/data/109198/000010919821000006/tjx-20210130.htm"
  },
  {
    "date": "2020-10-31",
    "symbol": "TJX",
    "reportedCurrency": "USD",
    "cik": "0000109198",
    "fillingDate": "2020-12-01",
    "acceptedDate": "2020-12-01 11:19:23",
    "calendarYear": "2021",
    "period": "Q3",
    "revenue": 10117289000,
    "costOfRevenue": 7062285000,
    "grossProfit": 3055004000,
    "grossProfitRatio": 0.3019587559,
    "researchAndDevelopmentExpenses": 0,
    "generalAndAdministrativeExpenses": 0,
    "sellingAndMarketingExpenses": 0,
    "sellingGeneralAndAdministrativeExpenses": 1986128000,
    "otherExpenses": 0,
    "operatingExpenses": 1986128000,
    "costAndExpenses": 9048413000,
    "interestIncome": 1300000,
    "interestExpense": 52884000,
    "depreciationAndAmortization": 219000000,
    "ebitda": 1287848000,
    "ebitdaratio": 0.1272918071,
    "operatingIncome": 1068876000,
    "operatingIncomeRatio": 0.1056484598,
    "totalOtherIncomeExpensesNet": -52884000,
    "incomeBeforeTax": 1015992000,
    "incomeBeforeTaxRatio": 0.1004213678,
    "incomeTaxExpense": 149336000,
    "netIncome": 866656000,
    "netIncomeRatio": 0.085660892,
    "eps": 0.72,
    "epsdiluted": 0.71,
    "weightedAverageShsOut": 1200631186,
    "weightedAverageShsOutDil": 1214195000,
    "link": "https://www.sec.gov/Archives/edgar/data/109198/000010919820000027/0000109198-20-000027-index.htm",
    "finalLink": "https://www.sec.gov/Archives/edgar/data/109198/000010919820000027/tjx-20201031.htm"
  },
  {
    "date": "2020-08-01",
    "symbol": "TJX",
    "reportedCurrency": "USD",
    "cik": "0000109198",
    "fillingDate": "2020-08-28",
    "acceptedDate": "2020-08-28 10:48:22",
    "calendarYear": "2021",
    "period": "Q2",
    "revenue": 6667575000,
    "costOfRevenue": 5174490000,
    "grossProfit": 1493085000,
    "grossProfitRatio": 0.2239322392,
    "researchAndDevelopmentExpenses": 0,
    "generalAndAdministrativeExpenses": 0,
    "sellingAndMarketingExpenses": 0,
    "sellingGeneralAndAdministrativeExpenses": 1527768000,
    "otherExpenses": 0,
    "operatingExpenses": 1527768000,
    "costAndExpenses": 6702258000,
    "interestIncome": 1700000,
    "interestExpense": 57336000,
    "depreciationAndAmortization": 220040000,
    "ebitda": 187082000,
    "ebitdaratio": 0.028058477,
    "operatingIncome": -34683000,
    "operatingIncomeRatio": -0.0052017413,
    "totalOtherIncomeExpensesNet": -57336000,
    "incomeBeforeTax": -92019000,
    "incomeBeforeTaxRatio": -0.0138009696,
    "incomeTaxExpense": 122201000,
    "netIncome": -214220000,
    "netIncomeRatio": -0.0321286225,
    "eps": -0.18,
    "epsdiluted": -0.18,
    "weightedAverageShsOut": 1190111111,
    "weightedAverageShsOutDil": 1199061133,
    "link": "https://www.sec.gov/Archives/edgar/data/109198/000010919820000019/0000109198-20-000019-index.htm",
    "finalLink": "https://www.sec.gov/Archives/edgar/data/109198/000010919820000019/tjx-20200801.htm"
  },
  {
    "date": "2020-05-02",
    "symbol": "TJX",
    "reportedCurrency": "USD",
    "cik": "0000109198",
    "fillingDate": "2020-05-21",
    "acceptedDate": "2020-05-21 13:14:10",
    "calendarYear": "2021",
    "period": "Q1",
    "revenue": 4408888000,
    "costOfRevenue": 4414465000,
    "grossProfit": -5577000,
    "grossProfitRatio": -0.0012649448,
    "researchAndDevelopmentExpenses": 0,
    "generalAndAdministrativeExpenses": 0,
    "sellingAndMarketingExpenses": 0,
    "sellingGeneralAndAdministrativeExpenses": 1313920000,
    "otherExpenses": 0,
    "operatingExpenses": 1313920000,
    "costAndExpenses": 5728385000,
    "interestIncome": 8200000,
    "interestExpense": 31600000,
    "depreciationAndAmortization": 219460000,
    "ebitda": -1091837000,
    "ebitdaratio": -0.2476445308,
    "operatingIncome": -1319497000,
    "operatingIncomeRatio": -0.2992811339,
    "totalOtherIncomeExpensesNet": -23351000,
    "incomeBeforeTax": -1342848000,
    "incomeBeforeTaxRatio": -0.3045774808,
    "incomeTaxExpense": -455359000,
    "netIncome": -887489000,
    "netIncomeRatio": -0.2012954287,
    "eps": -0.74,
    "epsdiluted": -0.74,
    "weightedAverageShsOut": 1197809000,
    "weightedAverageShsOutDil": 1197809000,
    "link": "https://www.sec.gov/Archives/edgar/data/109198/000010919820000007/0000109198-20-000007-index.htm",
    "finalLink": "https://www.sec.gov/Archives/edgar/data/109198/000010919820000007/tjx-20200502.htm"
  }
]