[
  {
    "date": "2024-12-31",
    "symbol": "C",
    "reportedCurrency": "USD",
    "cik": "0000831001",
    "fillingDate": "2025-02-21",
    "acceptedDate": "2025-02-21 17:12:44",
    "calendarYear": "2024",
    "period": "Q4",
    "revenue": 17023000000,
    "costOfRevenue": 0,
    "grossProfit": 17023000000,
    "grossProfitRatio": 1,
    "researchAndDevelopmentExpenses": 0,
    "generalAndAdministrativeExpenses": 6940000000,
    "sellingAndMarketingExpenses": 323000000,
    "sellingGeneralAndAdministrativeExpenses": 7263000000,
    "otherExpenses": 0,
    "operatingExpenses": 10174000000,
    "costAndExpenses": 10174000000,
    "interestIncome": 0,
    "interestExpense": 0,
    "depreciationAndAmortization": 1019000000,
    "ebitda": 4130000000,
    "ebitdaratio": 0.2426129354,
    "operatingIncome": 6849000000,
    "operatingIncomeRatio": 0.4023380133,
    "totalOtherIncomeExpensesNet": -3047000000,
    "incomeBeforeTax": 3802000000,
    "incomeBeforeTaxRatio": 0.2233448863,
    "incomeTaxExpense": 912000000,
    "netIncome": 2856000000,
    "netIncomeRatio": 0.167773013,
    "eps": 1.38,
    "epsdiluted": 1.34,
    "weightedAverageShsOut": 2145373062,
    "weightedAverageShsOutDil": 1931000000,
    "link": "https://www.sec.gov/Archives/edgar/data/831001/000083100125000067/0000831001-25-000067-index.htm",
    "finalLink": "https://www.sec.gov/Archives/edgar/data/831001/000083100125000067/c-20241231.htm"
  },
  {
    "date": "2024-09-30",
    "symbol": "C",
    "reportedCurrency": "USD",
    "cik": "0000831001",
    "fillingDate": "2024-11-07",
    "acceptedDate": "2024-11-07 17:05:33",
    "calendarYear": "2024",
    "period": "Q3",
    "revenue": 19862000000,
    "costOfRevenue": 0,
    "grossProfit": 19862000000,
    "grossProfitRatio": 1,
    "researchAndDevelopmentExpenses": 0,
    "generalAndAdministrativeExpenses": 7086000000,
    "sellingAndMarketingExpenses": 282000000,
    "sellingGeneralAndAdministrativeExpenses": 7368000000,
    "otherExpenses": 5778000000,
    "operatingExpenses": 13146000000,
    "costAndExpenses": 13146000000,
    "interestIncome": 36456000000,
    "interestExpense": 23094000000,
    "depreciationAndAmortization": 1081000000,
    "ebitda": 7797000000,
    "ebitdaratio": 0.3925586547,
    "operatingIncome": 6716000000,
    "operatingIncomeRatio": 0.3381331185,
    "totalOtherIncomeExpensesNet": -2326000000,
    "incomeBeforeTax": 4390000000,
    "incomeBeforeTaxRatio": 0.221025073,
    "incomeTaxExpense": 1116000000,
    "netIncome": 3238000000,
    "netIncomeRatio": 0.1630248716,
    "eps": 1.54,
    "epsdiluted": 1.51,
    "weightedAverageShsOut": 1899900000,
    "weightedAverageShsOutDil": 1940300000,
    "link": "https://www.sec.gov/Archives/edgar/data/831001/000083100124000134/0000831001-24-000134-index.htm",
    "finalLink": "https://www.sec.gov/Archives/edgar/data/831001/000083100124000134/c-20240930.htm"
  },
  {
    "date": "2024-06-30",
    "symbol": "C",
    "reportedCurrency": "USD",
    "cik": "0000831001",
    "fillingDate": "2024-08-02",
    "acceptedDate": "2024-08-02 16:56:45",
    "calendarYear": "2024",
    "period": "Q2",
    "revenue": 20144000000,
    "costOfRevenue": 0,
    "grossProfit": 20144000000,
    "grossProfitRatio": 1,
    "researchAndDevelopmentExpenses": 0,
    "generalAndAdministrativeExpenses": 6906000000,
    "sellingAndMarketingExpenses": 280000000,
    "sellingGeneralAndAdministrativeExpenses": 7186000000,
    "otherExpenses": 6030000000,
    "operatingExpenses": 13216000000,
    "costAndExpenses": 13216000000,
    "interestIncome": 35987000000,
    "interestExpense": 22494000000,
    "depreciationAndAmortization": 1101000000,
    "ebitda": 8029000000,
    "ebitdaratio": 0.3985802224,
    "operatingIncome": 6928000000,
    "operatingIncomeRatio": 0.343923749,
    "totalOtherIncomeExpensesNet": -2618000000,
    "incomeBeforeTax": 4310000000,
    "incomeBeforeTaxRatio": 0.2139594917,
    "incomeTaxExpense": 1047000000,
    "netIncome": 3217000000,
    "netIncomeRatio": 0.1597001589,
    "eps": 1.54,
    "epsdiluted": 1.52,
    "weightedAverageShsOut": 1907700000,
    "weightedAverageShsOutDil": 1945700000,
    "link": "https://www.sec.gov/Archives/edgar/data/831001/000083100124000100/0000831001-24-000100-index.htm",
    "finalLink": "https://www.sec.gov/Archives/edgar/data/831001/000083100124000100/c-20240630.htm"
  },
  {
    "date": "2024-03-31",
    "symbol": "C",
    "reportedCurrency": "USD",
    "cik": "0000831001",
    "fillingDate": "2024-05-03",
    "acceptedDate": "2024-05-03 17:17:14",
    "calendarYear": "2024",
    "period": "Q1",
    "revenue": 21094000000,
    "costOfRevenue": 0,
    "grossProfit": 21094000000,
    "grossProfitRatio": 1,
    "researchAndDevelopmentExpenses": 0,
    "generalAndAdministrativeExpenses": 7700000000,
    "sellingAndMarketingExpenses": 228000000,
    "sellingGeneralAndAdministrativeExpenses": 7928000000,
    "otherExpenses": 5450000000,
    "operatingExpenses": 13378000000,
    "costAndExpenses": 13378000000,
    "interestIncome": 36223000000,
    "interestExpense": 22716000000,
    "depreciationAndAmortization": 1110000000,
    "ebitda": 8826000000,
    "ebitdaratio": 0.4184128188,
    "operatingIncome": 7716000000,
    "operatingIncomeRatio": 0.3657912203,
    "totalOtherIncomeExpensesNet": -3172000000,
    "incomeBeforeTax": 4544000000,
    "incomeBeforeTaxRatio": 0.2154167062,
    "incomeTaxExpense": 1136000000,
    "netIncome": 3371000000,
    "netIncomeRatio": 0.1598084763,
    "eps": 1.59,
    "epsdiluted": 1.58,
    "weightedAverageShsOut": 1908700000,
    "weightedAverageShsOutDil": 1927700000,
    "link": "https://www.sec.gov/Archives/edgar/data/831001/000083100124000051/0000831001-24-000051-index.htm",
    "finalLink": "https://www.sec.gov/Archives/edgar/data/831001/000083100124000051/c-20240331.htm"
  },
  {
    "date": "2023-12-31",
    "symbol": "C",
    "reportedCurrency": "USD",
    "cik": "0000831001",
    "fillingDate": "2024-02-23",
    "acceptedDate": "2024-02-23 17:10:34",
    "calendarYear": "2023",
    "period": "Q4",
    "revenue": 18840000000,
    "costOfRevenue": 0,
    "grossProfit": 18840000000,
    "grossProfitRatio": 1,
    "researchAndDevelopmentExpenses": 0,
    "generalAndAdministrativeExpenses": 6906000000,
    "sellingAndMarketingExpenses": 377000000,
    "sellingGeneralAndAdministrativeExpenses": 7283000000,
    "otherExpenses": 8185000000,
    "operatingExpenses": 15468000000,
    "costAndExpenses": 15468000000,
    "interestIncome": 36379000000,
    "interestExpense": 22555000000,
    "depreciationAndAmortization": 1172000000,
    "ebitda": 4544000000,
    "ebitdaratio": 0.2411889597,
    "operatingIncome": 3372000000,
    "operatingIncomeRatio": 0.1789808917,
    "totalOtherIncomeExpensesNet": -5475000000,
    "incomeBeforeTax": -2103000000,
    "incomeBeforeTaxRatio": -0.1116242038,
    "incomeTaxExpense": -296000000,
    "netIncome": -2217000000,
    "netIncomeRatio": -0.1176751592,
    "eps": -1.16,
    "epsdiluted": -1.16,
    "weightedAverageShsOut": 1909700000,
    "weightedAverageShsOutDil": 1909700000,
    "link": "https://www.sec.gov/Archives/edgar/data/831001/000083100124000033/0000831001-24-000033-index.htm",
    "finalLink": "https://www.sec.gov/Archives/edgar/data/831001/000083100124000033/c-20231231.htm"
  },
  {
    "date": "2023-09-30",
    "symbol": "C",
    "reportedCurrency": "USD",
    "cik": "0000831001",
    "fillingDate": "2023-11-03",
    "acceptedDate": "2023-11-03 16:32:34",
    "calendarYear": "2023",
    "period": "Q3",
    "revenue": 20142000000,
    "costOfRevenue": 0,
    "grossProfit": 20142000000,
    "grossProfitRatio": 1,
    "researchAndDevelopmentExpenses": 0,
    "generalAndAdministrativeExpenses": 7449000000,
    "sellingAndMarketingExpenses": 324000000,
    "sellingGeneralAndAdministrativeExpenses": 7773000000,
    "otherExpenses": 5649000000,
    "operatingExpenses": 13422000000,
    "costAndExpenses": 13422000000,
    "interestIncome": 34837000000,
    "interestExpense": 21009000000,
    "depreciationAndAmortization": 1141000000,
    "ebitda": 7861000000,
    "ebitdaratio": 0.390279019,
    "operatingIncome": 6720000000,
    "operatingIncomeRatio": 0.3336312183,
    "totalOtherIncomeExpensesNet": -1932000000,
    "incomeBeforeTax": 4788000000,
    "incomeBeforeTaxRatio": 0.2377122431,
    "incomeTaxExpense": 1203000000,
    "netIncome": 3546000000,
    "netIncomeRatio": 0.1760500447,
    "eps": 1.64,
    "epsdiluted": 1.63,
    "weightedAverageShsOut": 1924400000,
    "weightedAverageShsOutDil": 1951700000,
    "link": "https://www.sec.gov/Archives/edgar/data/831001/000083100123000132/0000831001-23-000132-index.htm",
    "finalLink": "https://www.sec.gov/Archives/edgar/data/831001/000083100123000132/c-20230930.htm"
  },
  {
    "date": "2023-06-30",
    "symbol": "C",
    "reportedCurrency": "USD",
    "cik": "0000831001",
    "fillingDate": "2023-08-04",
    "acceptedDate": "2023-08-04 16:58:10",
    "calendarYear": "2023",
    "period": "Q2",
    "revenue": 19440000000,
    "costOfRevenue": 0,
    "grossProfit": 19440000000,
    "grossProfitRatio": 1,
    "researchAndDevelopmentExpenses": 0,
    "generalAndAdministrativeExpenses": 7402000000,
    "sellingAndMarketingExpenses": 361000000,
    "sellingGeneralAndAdministrativeExpenses": 7763000000,
    "otherExpenses": -4659000000,
    "operatingExpenses": 13637000000,
    "costAndExpenses": 13637000000,
    "interestIncome": 32647000000,
    "interestExpense": 18747000000,
    "depreciationAndAmortization": 1136000000,
    "ebitda": 4963000000,
    "ebitdaratio": 0.2552983539,
    "operatingIncome": 4042000000,
    "operatingIncomeRatio": 0.2079218107,
    "totalOtherIncomeExpensesNet": 1090000000,
    "incomeBeforeTax": 4042000000,
    "incomeBeforeTaxRatio": 0.2079218107,
    "incomeTaxExpense": 1090000000,
    "netIncome": 2915000000,
    "netIncomeRatio": 0.1499485597,
    "eps": 1.34,
    "epsdiluted": 1.33,
    "weightedAverageShsOut": 1942800000,
    "weightedAverageShsOutDil": 1968600000,
    "link": "https://www.sec.gov/Archives/edgar/data/831001/000083100123000097/0000831001-23-000097-index.htm",
    "finalLink": "https://www.sec.gov/Archives/edgar/data/831001/000083100123000097/c-20230630.htm"
  },
  {
    "date": "2023-03-31",
    "symbol": "C",
    "reportedCurrency": "USD",
    "cik": "0000831001",
    "fillingDate": "2023-05-05",
    "acceptedDate": "2023-05-05 17:06:50",
    "calendarYear": "2023",
    "period": "Q1",
    "revenue": 20405000000,
    "costOfRevenue": 0,
    "grossProfit": 20405000000,
    "grossProfitRatio": 1,
    "researchAndDevelopmentExpenses": 0,
    "generalAndAdministrativeExpenses": 7562000000,
    "sellingAndMarketingExpenses": 331000000,
    "sellingGeneralAndAdministrativeExpenses": 7893000000,
    "otherExpenses": -4141000000,
    "operatingExpenses": 13544000000,
    "costAndExpenses": 13544000000,
    "interestIncome": 29395000000,
    "interestExpense": 16047000000,
    "depreciationAndAmortization": 1111000000,
    "ebitda": 7294000000,
    "ebitdaratio": 0.3574614065,
    "operatingIncome": 6178000000,
    "operatingIncomeRatio": 0.3027689292,
    "totalOtherIncomeExpensesNet": 1531000000,
    "incomeBeforeTax": 6183000000,
    "incomeBeforeTaxRatio": 0.3030139672,
    "incomeTaxExpense": 1531000000,
    "netIncome": 4606000000,
    "netIncomeRatio": 0.225728988,
    "eps": 2.21,
    "epsdiluted": 2.19,
    "weightedAverageShsOut": 1943500000,
    "weightedAverageShsOutDil": 1964100000,
    "link": "https://www.sec.gov/Archives/edgar/data/831001/000083100123000055/0000831001-23-000055-index.htm",
    "finalLink": "https://www.sec.gov/Archives/edgar/data/831001/000083100123000055/c-20230331.htm"
  },
  {
    "date": "2022-12-31",
    "symbol": "C",
    "reportedCurrency": "USD",
    "cik": "0000831001",
    "fillingDate": "2023-02-27",
    "acceptedDate": "2023-02-24 21:45:33",
    "calendarYear": "2022",
    "period": "Q4",
    "revenue": 18001000000,
    "costOfRevenue": 0,
    "grossProfit": 18001000000,
    "grossProfitRatio": 1,
    "researchAndDevelopmentExpenses": 0,
    "generalAndAdministrativeExpenses": 6638000000,
    "sellingAndMarketingExpenses": 424000000,
    "sellingGeneralAndAdministrativeExpenses": 7062000000,
    "otherExpenses": -5174000000,
    "operatingExpenses": 13052000000,
    "costAndExpenses": 13052000000,
    "interestIncome": 25708000000,
    "interestExpense": 12438000000,
    "depreciationAndAmortization": 1108000000,
    "ebitda": 0,
    "ebitdaratio": 0,
    "operatingIncome": 3176000000,
    "operatingIncomeRatio": 0.1764346425,
    "totalOtherIncomeExpensesNet": 16647000000,
    "incomeBeforeTax": 3176000000,
    "incomeBeforeTaxRatio": 0.1764346425,
    "incomeTaxExpense": 640000000,
    "netIncome": 2513000000,
    "netIncomeRatio": 0.1396033554,
    "eps": 1.16,
    "epsdiluted": 1.16,
    "weightedAverageShsOut": 1936900000,
    "weightedAverageShsOutDil": 1955900000,
    "link": "https://www.sec.gov/Archives/edgar/data/831001/000083100123000037/0000831001-23-000037-index.htm",
    "finalLink": "https://www.sec.gov/Archives/edgar/data/831001/000083100123000037/c-20221231.htm"
  },
  {
    "date": "2022-09-30",
    "symbol": "C",
    "reportedCurrency": "USD",
    "cik": "0000831001",
    "fillingDate": "2022-11-04",
    "acceptedDate": "2022-11-04 16:57:28",
    "calendarYear": "2022",
    "period": "Q3",
    "revenue": 17884000000,
    "costOfRevenue": 0,
    "grossProfit": 17884000000,
    "grossProfitRatio": 1,
    "researchAndDevelopmentExpenses": 0,
    "generalAndAdministrativeExpenses": 6770000000,
    "sellingAndMarketingExpenses": 407000000,
    "sellingGeneralAndAdministrativeExpenses": 7177000000,
    "otherExpenses": 0,
    "operatingExpenses": 0,
    "costAndExpenses": 0,
    "interestIncome": 19919000000,
    "interestExpense": 7356000000,
    "depreciationAndAmortization": 1065000000,
    "ebitda": 7837000000,
    "ebitdaratio": 0.4382129278,
    "operatingIncome": 4358000000,
    "operatingIncomeRatio": 0.243681503,
    "totalOtherIncomeExpensesNet": -2922000000,
    "incomeBeforeTax": 4394000000,
    "incomeBeforeTaxRatio": 0.2456944755,
    "incomeTaxExpense": 879000000,
    "netIncome": 3479000000,
    "netIncomeRatio": 0.1945314247,
    "eps": 1.64,
    "epsdiluted": 1.63,
    "weightedAverageShsOut": 1936800000,
    "weightedAverageShsOutDil": 1955100000,
    "link": "https://www.sec.gov/Archives/edgar/data/831001/000083100122000146/0000831001-22-000146-index.htm",
    "finalLink": "https://www.sec.gov/Archives/edgar/data/831001/000083100122000146/c-20220930.htm"
  },
  {
    "date": "2022-06-30",
    "symbol": "C",
    "reportedCurrency": "USD",
    "cik": "0000831001",
    "fillingDate": "2022-08-04",
    "acceptedDate": "2022-08-03 21:41:57",
    "calendarYear": "2022",
    "period": "Q2",
    "revenue": 19570000000,
    "costOfRevenue": 0,
    "grossProfit": 19570000000,
    "grossProfitRatio": 1,
    "researchAndDevelopmentExpenses": 0,
    "generalAndAdministrativeExpenses": 6494000000,
    "sellingAndMarketingExpenses": 414000000,
    "sellingGeneralAndAdministrativeExpenses": 6908000000,
    "otherExpenses": -4589000000,
    "operatingExpenses": 12263000000,
    "costAndExpenses": 12263000000,
    "interestIncome": 15630000000,
    "interestExpense": 3666000000,
    "depreciationAndAmortization": 1074000000,
    "ebitda": 7056000000,
    "ebitdaratio": 0.3605518651,
    "operatingIncome": 5971000000,
    "operatingIncomeRatio": 0.305109862,
    "totalOtherIncomeExpensesNet": 1182000000,
    "incomeBeforeTax": 5971000000,
    "incomeBeforeTaxRatio": 0.305109862,
    "incomeTaxExpense": 1182000000,
    "netIncome": 4547000000,
    "netIncomeRatio": 0.2323454267,
    "eps": 2.32,
    "epsdiluted": 2.3,
    "weightedAverageShsOut": 1941500000,
    "weightedAverageShsOutDil": 1958100000,
    "link": "https://www.sec.gov/Archives/edgar/data/831001/000083100122000111/0000831001-22-000111-index.htm",
    "finalLink": "https://www.sec.gov/Archives/edgar/data/831001/000083100122000111/c-20220630.htm"
  },
  {
    "date": "2022-03-31",
    "symbol": "C",
    "reportedCurrency": "USD",
    "cik": "0000831001",
    "fillingDate": "2022-05-09",
    "acceptedDate": "2022-05-09 16:40:59",
    "calendarYear": "2022",
    "period": "Q1",
    "revenue": 19188000000,
    "costOfRevenue": 0,
    "grossProfit": 19188000000,
    "grossProfitRatio": 1,
    "researchAndDevelopmentExpenses": 0,
    "generalAndAdministrativeExpenses": 6847000000,
    "sellingAndMarketingExpenses": 311000000,
    "sellingGeneralAndAdministrativeExpenses": 7158000000,
    "otherExpenses": -4881000000,
    "operatingExpenses": 13662000000,
    "costAndExpenses": 13662000000,
    "interestIncome": 13151000000,
    "interestExpense": 2280000000,
    "depreciationAndAmortization": 1015000000,
    "ebitda": 6281000000,
    "ebitdaratio": 0.3273400042,
    "operatingIncome": 5266000000,
    "operatingIncomeRatio": 0.2744423598,
    "totalOtherIncomeExpensesNet": 941000000,
    "incomeBeforeTax": 5266000000,
    "incomeBeforeTaxRatio": 0.2744423598,
    "incomeTaxExpense": 941000000,
    "netIncome": 4306000000,
    "netIncomeRatio": 0.2244110903,
    "eps": 2.03,
    "epsdiluted": 2.02,
    "weightedAverageShsOut": 1971700000,
    "weightedAverageShsOutDil": 1988200000,
    "link": "https://www.sec.gov/Archives/edgar/data/831001/000083100122000056/0000831001-22-000056-index.htm",
    "finalLink": "https://www.sec.gov/Archives/edgar/data/831001/000083100122000056/c-20220331.htm"
  },
  {
    "date": "2021-12-31",
    "symbol": "C",
    "reportedCurrency": "USD",
    "cik": "0000831001",
    "fillingDate": "2022-02-28",
    "acceptedDate": "2022-02-25 18:35:29",
    "calendarYear": "2021",
    "period": "Q4",
    "revenue": 17235000000,
    "costOfRevenue": 0,
    "grossProfit": 17235000000,
    "grossProfitRatio": 1,
    "researchAndDevelopmentExpenses": 0,
    "generalAndAdministrativeExpenses": 7120000000,
    "sellingAndMarketingExpenses": 478000000,
    "sellingGeneralAndAdministrativeExpenses": 7598000000,
    "otherExpenses": -4923000000,
    "operatingExpenses": 12860000000,
    "costAndExpenses": 12860000000,
    "interestIncome": 12828000000,
    "interestExpense": 1097000000,
    "depreciationAndAmortization": 985000000,
    "ebitda": 0,
    "ebitdaratio": 0,
    "operatingIncome": 3950000000,
    "operatingIncomeRatio": 0.2291847984,
    "totalOtherIncomeExpensesNet": -18068000000,
    "incomeBeforeTax": 3950000000,
    "incomeBeforeTaxRatio": 0.2291847984,
    "incomeTaxExpense": 771000000,
    "netIncome": 3173000000,
    "netIncomeRatio": 0.1841021178,
    "eps": 1.47,
    "epsdiluted": 1.46,
    "weightedAverageShsOut": 1984300000,
    "weightedAverageShsOutDil": 2001600000,
    "link": "https://www.sec.gov/Archives/edgar/data/831001/000083100122000036/0000831001-22-000036-index.htm",
    "finalLink": "https://www.sec.gov/Archives/edgar/data/831001/000083100122000036/c-20211231.htm"
  },
  {
    "date": "2021-09-30",
    "symbol": "C",
    "reportedCurrency": "USD",
    "cik": "0000831001",
    "fillingDate": "2021-11-08",
    "acceptedDate": "2021-11-08 16:26:13",
    "calendarYear": "2021",
    "period": "Q3",
    "revenue": 17457000000,
    "costOfRevenue": 0,
    "grossProfit": 17457000000,
    "grossProfitRatio": 1,
    "researchAndDevelopmentExpenses": 0,
    "generalAndAdministrativeExpenses": 6080000000,
    "sellingAndMarketingExpenses": 402000000,
    "sellingGeneralAndAdministrativeExpenses": 6482000000,
    "otherExpenses": -3994000000,
    "operatingExpenses": 11777000000,
    "costAndExpenses": 11777000000,
    "interestIncome": 12650000000,
    "interestExpense": 1959000000,
    "depreciationAndAmortization": 1035000000,
    "ebitda": 6897000000,
    "ebitdaratio": 0.3950850662,
    "operatingIncome": 5862000000,
    "operatingIncomeRatio": 0.3357965286,
    "totalOtherIncomeExpensesNet": 1193000000,
    "incomeBeforeTax": 5862000000,
    "incomeBeforeTaxRatio": 0.3357965286,
    "incomeTaxExpense": 1193000000,
    "netIncome": 4644000000,
    "netIncomeRatio": 0.2660250902,
    "eps": 2.17,
    "epsdiluted": 2.15,
    "weightedAverageShsOut": 2009300000,
    "weightedAverageShsOutDil": 2026200000,
    "link": "https://www.sec.gov/Archives/edgar/data/831001/000083100121000167/0000831001-21-000167-index.htm",
    "finalLink": "https://www.sec.gov/Archives/edgar/data/831001/000083100121000167/c-20210930.htm"
  },
  {
    "date": "2021-06-30",
    "symbol": "C",
    "reportedCurrency": "USD",
    "cik": "0000831001",
    "fillingDate": "2021-08-04",
    "acceptedDate": "2021-08-04 16:43:40",
    "calendarYear": "2021",
    "period": "Q2",
    "revenue": 17749000000,
    "costOfRevenue": 0,
    "grossProfit": 17749000000,
    "grossProfitRatio": 1,
    "researchAndDevelopmentExpenses": 0,
    "generalAndAdministrativeExpenses": 5997000000,
    "sellingAndMarketingExpenses": 340000000,
    "sellingGeneralAndAdministrativeExpenses": 6337000000,
    "otherExpenses": -3757000000,
    "operatingExpenses": 12036000000,
    "costAndExpenses": 12036000000,
    "interestIncome": 12463000000,
    "interestExpense": 1985000000,
    "depreciationAndAmortization": 982000000,
    "ebitda": 8330000000,
    "ebitdaratio": 0.4693222153,
    "operatingIncome": 7348000000,
    "operatingIncomeRatio": 0.4139951547,
    "totalOtherIncomeExpensesNet": 1155000000,
    "incomeBeforeTax": 7348000000,
    "incomeBeforeTaxRatio": 0.4139951547,
    "incomeTaxExpense": 1155000000,
    "netIncome": 6193000000,
    "netIncomeRatio": 0.348921066,
    "eps": 2.86,
    "epsdiluted": 2.84,
    "weightedAverageShsOut": 2056500000,
    "weightedAverageShsOutDil": 2073000000,
    "link": "https://www.sec.gov/Archives/edgar/data/831001/000083100121000126/0000831001-21-000126-index.htm",
    "finalLink": "https://www.sec.gov/Archives/edgar/data/831001/000083100121000126/c-20210630.htm"
  },
  {
    "date": "2021-03-31",
    "symbol": "C",
    "reportedCurrency": "USD",
    "cik": "0000831001",
    "fillingDate": "2021-05-06",
    "acceptedDate": "2021-05-05 19:02:03",
    "calendarYear": "2021",
    "period": "Q1",
    "revenue": 19678000000,
    "costOfRevenue": 0,
    "grossProfit": 19678000000,
    "grossProfitRatio": 1,
    "researchAndDevelopmentExpenses": 0,
    "generalAndAdministrativeExpenses": 6053000000,
    "sellingAndMarketingExpenses": 270000000,
    "sellingGeneralAndAdministrativeExpenses": 6323000000,
    "otherExpenses": 1852000000,
    "operatingExpenses": 10848000000,
    "costAndExpenses": 10848000000,
    "interestIncome": 12534000000,
    "interestExpense": 2028000000,
    "depreciationAndAmortization": 962000000,
    "ebitda": 11271000000,
    "ebitdaratio": 0.5727716231,
    "operatingIncome": 10309000000,
    "operatingIncomeRatio": 0.5238845411,
    "totalOtherIncomeExpensesNet": 2332000000,
    "incomeBeforeTax": 10309000000,
    "incomeBeforeTaxRatio": 0.5238845411,
    "incomeTaxExpense": 2332000000,
    "netIncome": 7942000000,
    "netIncomeRatio": 0.4035979266,
    "eps": 3.64,
    "epsdiluted": 3.62,
    "weightedAverageShsOut": 2082000000,
    "weightedAverageShsOutDil": 2096600000,
    "link": "https://www.sec.gov/Archives/edgar/data/831001/000083100121000066/0000831001-21-000066-index.htm",
    "finalLink": "https://www.sec.gov/Archives/edgar/data/831001/000083100121000066/c-20210331.htm"
  },
  {
    "date": "2020-12-31",
    "symbol": "C",
    "reportedCurrency": "USD",
    "cik": "0000831001",
    "fillingDate": "2021-02-26",
    "acceptedDate": "2021-02-26 16:44:10",
    "calendarYear": "2020",
    "period": "Q4",
    "revenue": 16513000000,
    "costOfRevenue": 0,
    "grossProfit": 16513000000,
    "grossProfitRatio": 1,
    "researchAndDevelopmentExpenses": 0,
    "generalAndAdministrativeExpenses": 5357000000,
    "sellingAndMarketingExpenses": 352000000,
    "sellingGeneralAndAdministrativeExpenses": 5709000000,
    "otherExpenses": 60659000000,
    "operatingExpenses": 13873000000,
    "costAndExpenses": 13873000000,
    "interestIncome": 13047000000,
    "interestExpense": 2564000000,
    "depreciationAndAmortization": 1051000000,
    "ebitda": 6882000000,
    "ebitdaratio": 0.4167625507,
    "operatingIncome": 5441000000,
    "operatingIncomeRatio": 0.3294979713,
    "totalOtherIncomeExpensesNet": -5666000000,
    "incomeBeforeTax": 5441000000,
    "incomeBeforeTaxRatio": 0.3294979713,
    "incomeTaxExpense": 1116000000,
    "netIncome": 4632000000,
    "netIncomeRatio": 0.2805062678,
    "eps": 1.93,
    "epsdiluted": 1.92,
    "weightedAverageShsOut": 2081900000,
    "weightedAverageShsOutDil": 2095700000,
    "link": "https://www.sec.gov/Archives/edgar/data/831001/000083100121000042/0000831001-21-000042-index.htm",
    "finalLink": "https://www.sec.gov/Archives/edgar/data/831001/000083100121000042/c-20201231.htm"
  },
  {
    "date": "2020-09-30",
    "symbol": "C",
    "reportedCurrency": "USD",
    "cik": "0000831001",
    "fillingDate": "2020-11-04",
    "acceptedDate": "2020-11-04 16:50:00",
    "calendarYear": "2020",
    "period": "Q3",
    "revenue": 17318000000,
    "costOfRevenue": 0,
    "grossProfit": 17318000000,
    "grossProfitRatio": 1,
    "researchAndDevelopmentExpenses": 0,
    "generalAndAdministrativeExpenses": 5653000000,
    "sellingAndMarketingExpenses": 238000000,
    "sellingGeneralAndAdministrativeExpenses": 5891000000,
    "otherExpenses": 1891000000,
    "operatingExpenses": 10964000000,
    "costAndExpenses": 10964000000,
    "interestIncome": 13314000000,
    "interestExpense": 2821000000,
    "depreciationAndAmortization": 1033000000,
    "ebitda": 0,
    "ebitdaratio": 0,
    "operatingIncome": 3954000000,
    "operatingIncomeRatio": 0.2283173577,
    "totalOtherIncomeExpensesNet": 0,
    "incomeBeforeTax": 3954000000,
    "incomeBeforeTaxRatio": 0.2283173577,
    "incomeTaxExpense": 777000000,
    "netIncome": 3230000000,
    "netIncomeRatio": 0.1865111445,
    "eps": 1.37,
    "epsdiluted": 1.36,
    "weightedAverageShsOut": 2081800000,
    "weightedAverageShsOutDil": 2094300000,
    "link": "https://www.sec.gov/Archives/edgar/data/831001/000083100120000110/0000831001-20-000110-index.htm",
    "finalLink": "https://www.sec.gov/Archives/edgar/data/831001/000083100120000110/c-20200930.htm"
  },
  {
    "date": "2020-06-30",
    "symbol": "C",
    "reportedCurrency": "USD",
    "cik": "0000831001",
    "fillingDate": "2020-08-05",
    "acceptedDate": "2020-08-04 18:33:06",
    "calendarYear": "2020",
    "period": "Q2",
    "revenue": 19735000000,
    "costOfRevenue": 0,
    "grossProfit": 19735000000,
    "grossProfitRatio": 1,
    "researchAndDevelopmentExpenses": 0,
    "generalAndAdministrativeExpenses": 5639000000,
    "sellingAndMarketingExpenses": 299000000,
    "sellingGeneralAndAdministrativeExpenses": 5938000000,
    "otherExpenses": 1741000000,
    "operatingExpenses": 9883000000,
    "costAndExpenses": 9883000000,
    "interestIncome": 14589000000,
    "interestExpense": 3509000000,
    "depreciationAndAmortization": 926000000,
    "ebitda": 0,
    "ebitdaratio": 0,
    "operatingIncome": 1109000000,
    "operatingIncomeRatio": 0.0561945782,
    "totalOtherIncomeExpensesNet": -1657000000,
    "incomeBeforeTax": 1109000000,
    "incomeBeforeTaxRatio": 0.0561945782,
    "incomeTaxExpense": 52000000,
    "netIncome": 793000000,
    "netIncomeRatio": 0.040182417,
    "eps": 0.38,
    "epsdiluted": 0.38,
    "weightedAverageShsOut": 2081700000,
    "weightedAverageShsOutDil": 2084300000,
    "link": "https://www.sec.gov/Archives/edgar/data/831001/000083100120000078/0000831001-20-000078-index.htm",
    "finalLink": "https://www.sec.gov/Archives/edgar/data/831001/000083100120000078/c-20200630.htm"
  },
  {
    "date": "2020-03-31",
    "symbol": "C",
    "reportedCurrency": "USD",
    "cik": "0000831001",
    "fillingDate": "2020-05-04",
    "acceptedDate": "2020-05-04 17:27:21",
    "calendarYear": "2020",
    "period": "Q1",
    "revenue": 20999000000,
    "costOfRevenue": 0,
    "grossProfit": 20999000000,
    "grossProfitRatio": 1,
    "researchAndDevelopmentExpenses": 0,
    "generalAndAdministrativeExpenses": 5678000000,
    "sellingAndMarketingExpenses": 328000000,
    "sellingGeneralAndAdministrativeExpenses": 6006000000,
    "otherExpenses": 1723000000,
    "operatingExpenses": 11220000000,
    "costAndExpenses": 11220000000,
    "interestIncome": 17139000000,
    "interestExpense": 5647000000,
    "depreciationAndAmortization": 927000000,
    "ebitda": 0,
    "ebitdaratio": 0,
    "operatingIncome": 3128000000,
    "operatingIncomeRatio": 0.1489594743,
    "totalOtherIncomeExpensesNet": -2950000000,
    "incomeBeforeTax": 3128000000,
    "incomeBeforeTaxRatio": 0.1489594743,
    "incomeTaxExpense": 580000000,
    "netIncome": 2522000000,
    "netIncomeRatio": 0.1201009572,
    "eps": 1.07,
    "epsdiluted": 1.06,
    "weightedAverageShsOut": 2097900000,
    "weightedAverageShsOutDil": 2113700000,
    "link": "https://www.sec.gov/Archives/edgar/data/831001/000083100120000044/0000831001-20-000044-index.htm",
    "finalLink": "https://www.sec.gov/Archives/edgar/data/831001/000083100120000044/c-3312020x10q.htm"
  }
]