[
  {
    "date": "2024-12-31",
    "symbol": "C",
    "reportedCurrency": "USD",
    "cik": "0000831001",
    "fillingDate": "2025-02-21",
    "acceptedDate": "2025-02-21 17:12:44",
    "calendarYear": "2024",
    "period": "FY",
    "revenue": 71363000000,
    "costOfRevenue": 0,
    "grossProfit": 71363000000,
    "grossProfitRatio": 1,
    "researchAndDevelopmentExpenses": 0,
    "generalAndAdministrativeExpenses": 28632000000,
    "sellingAndMarketingExpenses": 1113000000,
    "sellingGeneralAndAdministrativeExpenses": 29745000000,
    "otherExpenses": 0,
    "operatingExpenses": 41128000000,
    "costAndExpenses": 41128000000,
    "interestIncome": 0,
    "interestExpense": 0,
    "depreciationAndAmortization": 0,
    "ebitda": 17736000000,
    "ebitdaratio": 0.2485321525,
    "operatingIncome": 30235000000,
    "operatingIncomeRatio": 0.4236789373,
    "totalOtherIncomeExpensesNet": -13189000000,
    "incomeBeforeTax": 17046000000,
    "incomeBeforeTaxRatio": 0.2388632765,
    "incomeTaxExpense": 4211000000,
    "netIncome": 12682000000,
    "netIncomeRatio": 0.1777111388,
    "eps": 6.03,
    "epsdiluted": 5.91,
    "weightedAverageShsOut": 1901400000,
    "weightedAverageShsOutDil": 1940100000,
    "link": "https://www.sec.gov/Archives/edgar/data/831001/000083100125000067/0000831001-25-000067-index.htm",
    "finalLink": "https://www.sec.gov/Archives/edgar/data/831001/000083100125000067/c-20241231.htm"
  },
  {
    "date": "2023-12-31",
    "symbol": "C",
    "reportedCurrency": "USD",
    "cik": "0000831001",
    "fillingDate": "2024-02-23",
    "acceptedDate": "2024-02-23 17:10:34",
    "calendarYear": "2023",
    "period": "FY",
    "revenue": 78486000000,
    "costOfRevenue": 0,
    "grossProfit": 78486000000,
    "grossProfitRatio": 1,
    "researchAndDevelopmentExpenses": 0,
    "generalAndAdministrativeExpenses": 29319000000,
    "sellingAndMarketingExpenses": 1393000000,
    "sellingGeneralAndAdministrativeExpenses": 30712000000,
    "otherExpenses": 24960000000,
    "operatingExpenses": 55672000000,
    "costAndExpenses": 55672000000,
    "interestIncome": 133258000000,
    "interestExpense": 78358000000,
    "depreciationAndAmortization": 4560000000,
    "ebitda": 27374000000,
    "ebitdaratio": 0.3487755778,
    "operatingIncome": 22814000000,
    "operatingIncomeRatio": 0.2906760441,
    "totalOtherIncomeExpensesNet": -9904000000,
    "incomeBeforeTax": 12910000000,
    "incomeBeforeTaxRatio": 0.1644879342,
    "incomeTaxExpense": 3528000000,
    "netIncome": 9228000000,
    "netIncomeRatio": 0.1175751089,
    "eps": 4.1,
    "epsdiluted": 4.04,
    "weightedAverageShsOut": 1930100000,
    "weightedAverageShsOutDil": 1955800000,
    "link": "https://www.sec.gov/Archives/edgar/data/831001/000083100124000033/0000831001-24-000033-index.htm",
    "finalLink": "https://www.sec.gov/Archives/edgar/data/831001/000083100124000033/c-20231231.htm"
  },
  {
    "date": "2022-12-31",
    "symbol": "C",
    "reportedCurrency": "USD",
    "cik": "0000831001",
    "fillingDate": "2023-02-27",
    "acceptedDate": "2023-02-24 21:45:33",
    "calendarYear": "2022",
    "period": "FY",
    "revenue": 75305000000,
    "costOfRevenue": 0,
    "grossProfit": 75305000000,
    "grossProfitRatio": 1,
    "researchAndDevelopmentExpenses": 0,
    "generalAndAdministrativeExpenses": 26749000000,
    "sellingAndMarketingExpenses": 1556000000,
    "sellingGeneralAndAdministrativeExpenses": 28305000000,
    "otherExpenses": -18775000000,
    "operatingExpenses": 51753000000,
    "costAndExpenses": 51753000000,
    "interestIncome": 74408000000,
    "interestExpense": 25740000000,
    "depreciationAndAmortization": 4262000000,
    "ebitda": 23069000000,
    "ebitdaratio": 0.3063408804,
    "operatingIncome": 18807000000,
    "operatingIncomeRatio": 0.2497443729,
    "totalOtherIncomeExpensesNet": 3642000000,
    "incomeBeforeTax": 18807000000,
    "incomeBeforeTaxRatio": 0.2497443729,
    "incomeTaxExpense": 3642000000,
    "netIncome": 14845000000,
    "netIncomeRatio": 0.1971316646,
    "eps": 7.16,
    "epsdiluted": 7.11,
    "weightedAverageShsOut": 1946700000,
    "weightedAverageShsOutDil": 1964300000,
    "link": "https://www.sec.gov/Archives/edgar/data/831001/000083100123000037/0000831001-23-000037-index.htm",
    "finalLink": "https://www.sec.gov/Archives/edgar/data/831001/000083100123000037/c-20221231.htm"
  },
  {
    "date": "2021-12-31",
    "symbol": "C",
    "reportedCurrency": "USD",
    "cik": "0000831001",
    "fillingDate": "2022-02-28",
    "acceptedDate": "2022-02-25 18:35:29",
    "calendarYear": "2021",
    "period": "FY",
    "revenue": 71887000000,
    "costOfRevenue": 0,
    "grossProfit": 71887000000,
    "grossProfitRatio": 1,
    "researchAndDevelopmentExpenses": 0,
    "generalAndAdministrativeExpenses": 25250000000,
    "sellingAndMarketingExpenses": 1490000000,
    "sellingGeneralAndAdministrativeExpenses": 26740000000,
    "otherExpenses": -17141000000,
    "operatingExpenses": 47521000000,
    "costAndExpenses": 47521000000,
    "interestIncome": 50475000000,
    "interestExpense": 7981000000,
    "depreciationAndAmortization": 3964000000,
    "ebitda": 31433000000,
    "ebitdaratio": 0.437255693,
    "operatingIncome": 27469000000,
    "operatingIncomeRatio": 0.3821135949,
    "totalOtherIncomeExpensesNet": 5451000000,
    "incomeBeforeTax": 27469000000,
    "incomeBeforeTaxRatio": 0.3821135949,
    "incomeTaxExpense": 5451000000,
    "netIncome": 21952000000,
    "netIncomeRatio": 0.3053681472,
    "eps": 10.21,
    "epsdiluted": 10.14,
    "weightedAverageShsOut": 2033000000,
    "weightedAverageShsOutDil": 2049400000,
    "link": "https://www.sec.gov/Archives/edgar/data/831001/000083100122000036/0000831001-22-000036-index.htm",
    "finalLink": "https://www.sec.gov/Archives/edgar/data/831001/000083100122000036/c-20211231.htm"
  },
  {
    "date": "2020-12-31",
    "symbol": "C",
    "reportedCurrency": "USD",
    "cik": "0000831001",
    "fillingDate": "2021-02-26",
    "acceptedDate": "2021-02-26 16:44:10",
    "calendarYear": "2020",
    "period": "FY",
    "revenue": 75494000000,
    "costOfRevenue": 0,
    "grossProfit": 75494000000,
    "grossProfitRatio": 1,
    "researchAndDevelopmentExpenses": 0,
    "generalAndAdministrativeExpenses": 22327000000,
    "sellingAndMarketingExpenses": 1217000000,
    "sellingGeneralAndAdministrativeExpenses": 23544000000,
    "otherExpenses": -15106000000,
    "operatingExpenses": 45940000000,
    "costAndExpenses": 45940000000,
    "interestIncome": 58089000000,
    "interestExpense": 13338000000,
    "depreciationAndAmortization": 3937000000,
    "ebitda": 0,
    "ebitdaratio": 0,
    "operatingIncome": 13632000000,
    "operatingIncomeRatio": 0.1805706414,
    "totalOtherIncomeExpensesNet": 2525000000,
    "incomeBeforeTax": 13632000000,
    "incomeBeforeTaxRatio": 0.1805706414,
    "incomeTaxExpense": 2525000000,
    "netIncome": 11047000000,
    "netIncomeRatio": 0.1463295096,
    "eps": 4.75,
    "epsdiluted": 4.73,
    "weightedAverageShsOut": 2085800000,
    "weightedAverageShsOutDil": 2099000000,
    "link": "https://www.sec.gov/Archives/edgar/data/831001/000083100121000042/0000831001-21-000042-index.htm",
    "finalLink": "https://www.sec.gov/Archives/edgar/data/831001/000083100121000042/c-20201231.htm"
  },
  {
    "date": "2019-12-31",
    "symbol": "C",
    "reportedCurrency": "USD",
    "cik": "0000831001",
    "fillingDate": "2020-02-21",
    "acceptedDate": "2020-02-21 17:05:55",
    "calendarYear": "2019",
    "period": "FY",
    "revenue": 75067000000,
    "costOfRevenue": 0,
    "grossProfit": 75067000000,
    "grossProfitRatio": 1,
    "researchAndDevelopmentExpenses": 0,
    "generalAndAdministrativeExpenses": 21506000000,
    "sellingAndMarketingExpenses": 1516000000,
    "sellingGeneralAndAdministrativeExpenses": 23022000000,
    "otherExpenses": -14900000000,
    "operatingExpenses": 42948000000,
    "costAndExpenses": 42948000000,
    "interestIncome": 76510000000,
    "interestExpense": 28382000000,
    "depreciationAndAmortization": 3905000000,
    "ebitda": 27806000000,
    "ebitdaratio": 0.3704157619,
    "operatingIncome": 23901000000,
    "operatingIncomeRatio": 0.3183955666,
    "totalOtherIncomeExpensesNet": 4430000000,
    "incomeBeforeTax": 23901000000,
    "incomeBeforeTaxRatio": 0.3183955666,
    "incomeTaxExpense": 4430000000,
    "netIncome": 19401000000,
    "netIncomeRatio": 0.2584491188,
    "eps": 8.08,
    "epsdiluted": 8.04,
    "weightedAverageShsOut": 2249200000,
    "weightedAverageShsOutDil": 2265300000,
    "link": "https://www.sec.gov/Archives/edgar/data/831001/000083100120000031/0000831001-20-000031-index.htm",
    "finalLink": "https://www.sec.gov/Archives/edgar/data/831001/000083100120000031/c-12312019x10k.htm"
  },
  {
    "date": "2018-12-31",
    "symbol": "C",
    "reportedCurrency": "USD",
    "cik": "0000831001",
    "fillingDate": "2019-02-22",
    "acceptedDate": "2019-02-22 16:50:54",
    "calendarYear": "2018",
    "period": "FY",
    "revenue": 72854000000,
    "costOfRevenue": 0,
    "grossProfit": 72854000000,
    "grossProfitRatio": 1,
    "researchAndDevelopmentExpenses": 0,
    "generalAndAdministrativeExpenses": 21255000000,
    "sellingAndMarketingExpenses": 1545000000,
    "sellingGeneralAndAdministrativeExpenses": 22800000000,
    "otherExpenses": -15166000000,
    "operatingExpenses": 42055000000,
    "costAndExpenses": 42055000000,
    "interestIncome": 70828000000,
    "interestExpense": 24266000000,
    "depreciationAndAmortization": 3754000000,
    "ebitda": 27199000000,
    "ebitdaratio": 0.3733357125,
    "operatingIncome": 23445000000,
    "operatingIncomeRatio": 0.3218079996,
    "totalOtherIncomeExpensesNet": 5357000000,
    "incomeBeforeTax": 23445000000,
    "incomeBeforeTaxRatio": 0.3218079996,
    "incomeTaxExpense": 5357000000,
    "netIncome": 18045000000,
    "netIncomeRatio": 0.2476871551,
    "eps": 7.24,
    "epsdiluted": 7.23,
    "weightedAverageShsOut": 2493300000,
    "weightedAverageShsOutDil": 2494800000,
    "link": "https://www.sec.gov/Archives/edgar/data/831001/000083100119000027/0000831001-19-000027-index.htm",
    "finalLink": "https://www.sec.gov/Archives/edgar/data/831001/000083100119000027/c-12312018x10k.htm"
  },
  {
    "date": "2017-12-31",
    "symbol": "C",
    "reportedCurrency": "USD",
    "cik": "0000831001",
    "fillingDate": "2018-02-23",
    "acceptedDate": "2018-02-23 08:44:36",
    "calendarYear": "2017",
    "period": "FY",
    "revenue": 72444000000,
    "costOfRevenue": 0,
    "grossProfit": 72444000000,
    "grossProfitRatio": 1,
    "researchAndDevelopmentExpenses": 0,
    "generalAndAdministrativeExpenses": 21290000000,
    "sellingAndMarketingExpenses": 1608000000,
    "sellingGeneralAndAdministrativeExpenses": 22898000000,
    "otherExpenses": -16452000000,
    "operatingExpenses": 42511000000,
    "costAndExpenses": 42511000000,
    "interestIncome": 61579000000,
    "interestExpense": 16518000000,
    "depreciationAndAmortization": 3659000000,
    "ebitda": 26284000000,
    "ebitdaratio": 0.3628181768,
    "operatingIncome": 23092000000,
    "operatingIncomeRatio": 0.3187565568,
    "totalOtherIncomeExpensesNet": -3523000000,
    "incomeBeforeTax": 22761000000,
    "incomeBeforeTaxRatio": 0.3141875104,
    "incomeTaxExpense": 29388000000,
    "netIncome": -7937000000,
    "netIncomeRatio": -0.1095604881,
    "eps": -2.94,
    "epsdiluted": -2.94,
    "weightedAverageShsOut": 2698500000,
    "weightedAverageShsOutDil": 2698500000,
    "link": "https://www.sec.gov/Archives/edgar/data/831001/000083100118000040/0000831001-18-000040-index.htm",
    "finalLink": "https://www.sec.gov/Archives/edgar/data/831001/000083100118000040/c-12312017x10k.htm"
  },
  {
    "date": "2016-12-31",
    "symbol": "C",
    "reportedCurrency": "USD",
    "cik": "0000831001",
    "fillingDate": "2017-02-24",
    "acceptedDate": "2017-02-24 16:46:05",
    "calendarYear": "2016",
    "period": "FY",
    "revenue": 70797000000,
    "costOfRevenue": 0,
    "grossProfit": 70797000000,
    "grossProfitRatio": 1,
    "researchAndDevelopmentExpenses": 0,
    "generalAndAdministrativeExpenses": 21174000000,
    "sellingAndMarketingExpenses": 1632000000,
    "sellingGeneralAndAdministrativeExpenses": 22806000000,
    "otherExpenses": -14779000000,
    "operatingExpenses": 42571000000,
    "costAndExpenses": 42571000000,
    "interestIncome": 57988000000,
    "interestExpense": 12512000000,
    "depreciationAndAmortization": 3720000000,
    "ebitda": 25197000000,
    "ebitdaratio": 0.3559049112,
    "operatingIncome": 21477000000,
    "operatingIncomeRatio": 0.3033603119,
    "totalOtherIncomeExpensesNet": 6444000000,
    "incomeBeforeTax": 21477000000,
    "incomeBeforeTaxRatio": 0.3033603119,
    "incomeTaxExpense": 6444000000,
    "netIncome": 14912000000,
    "netIncomeRatio": 0.2106303939,
    "eps": 4.74,
    "epsdiluted": 4.74,
    "weightedAverageShsOut": 2888100000,
    "weightedAverageShsOutDil": 2888300000,
    "link": "https://www.sec.gov/Archives/edgar/data/831001/000083100117000038/0000831001-17-000038-index.htm",
    "finalLink": "https://www.sec.gov/Archives/edgar/data/831001/000083100117000038/c-12312016x10k.htm"
  },
  {
    "date": "2015-12-31",
    "symbol": "C",
    "reportedCurrency": "USD",
    "cik": "0000831001",
    "fillingDate": "2016-02-26",
    "acceptedDate": "2016-02-26 16:45:11",
    "calendarYear": "2015",
    "period": "FY",
    "revenue": 76354000000,
    "costOfRevenue": 0,
    "grossProfit": 76354000000,
    "grossProfitRatio": 1,
    "researchAndDevelopmentExpenses": 0,
    "generalAndAdministrativeExpenses": 22500000000,
    "sellingAndMarketingExpenses": 1547000000,
    "sellingGeneralAndAdministrativeExpenses": 24047000000,
    "otherExpenses": 6581000000,
    "operatingExpenses": 44420000000,
    "costAndExpenses": 44420000000,
    "interestIncome": 58551000000,
    "interestExpense": 11921000000,
    "depreciationAndAmortization": 3506000000,
    "ebitda": 28332000000,
    "ebitdaratio": 0.3710611101,
    "operatingIncome": 24826000000,
    "operatingIncomeRatio": 0.325143411,
    "totalOtherIncomeExpensesNet": 7440000000,
    "incomeBeforeTax": 24826000000,
    "incomeBeforeTaxRatio": 0.325143411,
    "incomeTaxExpense": 7440000000,
    "netIncome": 17242000000,
    "netIncomeRatio": 0.2258165911,
    "eps": 5.43,
    "epsdiluted": 5.42,
    "weightedAverageShsOut": 3004000000,
    "weightedAverageShsOutDil": 3007700000,
    "link": "https://www.sec.gov/Archives/edgar/data/831001/000083100116000235/0000831001-16-000235-index.htm",
    "finalLink": "https://www.sec.gov/Archives/edgar/data/831001/000083100116000235/c-12312015x10k.htm"
  }
]