[
  {
    "date": "2024-12-31",
    "symbol": "ETN",
    "reportedCurrency": "USD",
    "cik": "0001551182",
    "fillingDate": "2025-02-27",
    "acceptedDate": "2025-02-27 14:22:18",
    "calendarYear": "2024",
    "period": "FY",
    "revenue": 24878000000,
    "costOfRevenue": 15375000000,
    "grossProfit": 9503000000,
    "grossProfitRatio": 0.3819840823,
    "researchAndDevelopmentExpenses": 794000000,
    "generalAndAdministrativeExpenses": 0,
    "sellingAndMarketingExpenses": 0,
    "sellingGeneralAndAdministrativeExpenses": 4077000000,
    "otherExpenses": 0,
    "operatingExpenses": 4871000000,
    "costAndExpenses": 20246000000,
    "interestIncome": 0,
    "interestExpense": 130000000,
    "depreciationAndAmortization": 921000000,
    "ebitda": 5547999771,
    "ebitdaratio": 0.2230082712,
    "operatingIncome": 4632000000,
    "operatingIncomeRatio": 0.1861886004,
    "totalOtherIncomeExpensesNet": -66000000,
    "incomeBeforeTax": 4566000000,
    "incomeBeforeTaxRatio": 0.183535654,
    "incomeTaxExpense": 768000000,
    "netIncome": 3794000000,
    "netIncomeRatio": 0.1525042206,
    "eps": 9.54,
    "epsdiluted": 9.5,
    "weightedAverageShsOut": 397600000,
    "weightedAverageShsOutDil": 399400000,
    "link": "https://www.sec.gov/Archives/edgar/data/1551182/000155118225000006/0001551182-25-000006-index.htm",
    "finalLink": "https://www.sec.gov/Archives/edgar/data/1551182/000155118225000006/etn-20241231.htm"
  },
  {
    "date": "2023-12-31",
    "symbol": "ETN",
    "reportedCurrency": "USD",
    "cik": "0001551182",
    "fillingDate": "2024-02-29",
    "acceptedDate": "2024-02-29 14:35:53",
    "calendarYear": "2023",
    "period": "FY",
    "revenue": 23196000000,
    "costOfRevenue": 14763000000,
    "grossProfit": 8433000000,
    "grossProfitRatio": 0.363554061,
    "researchAndDevelopmentExpenses": 754000000,
    "generalAndAdministrativeExpenses": 0,
    "sellingAndMarketingExpenses": 0,
    "sellingGeneralAndAdministrativeExpenses": 3795000000,
    "otherExpenses": 0,
    "operatingExpenses": 4438000000,
    "costAndExpenses": 19263000000,
    "interestIncome": 0,
    "interestExpense": 151000000,
    "depreciationAndAmortization": 926000000,
    "ebitda": 4904000000,
    "ebitdaratio": 0.2114157613,
    "operatingIncome": 3885000000,
    "operatingIncomeRatio": 0.1674857734,
    "totalOtherIncomeExpensesNet": -58000000,
    "incomeBeforeTax": 3827000000,
    "incomeBeforeTaxRatio": 0.1649853423,
    "incomeTaxExpense": 604000000,
    "netIncome": 3218000000,
    "netIncomeRatio": 0.1387308157,
    "eps": 8.06,
    "epsdiluted": 8.02,
    "weightedAverageShsOut": 399100000,
    "weightedAverageShsOutDil": 401100000,
    "link": "https://www.sec.gov/Archives/edgar/data/1551182/000155118224000006/0001551182-24-000006-index.htm",
    "finalLink": "https://www.sec.gov/Archives/edgar/data/1551182/000155118224000006/etn-20231231.htm"
  },
  {
    "date": "2022-12-31",
    "symbol": "ETN",
    "reportedCurrency": "USD",
    "cik": "0001551182",
    "fillingDate": "2023-02-23",
    "acceptedDate": "2023-02-23 16:22:19",
    "calendarYear": "2022",
    "period": "FY",
    "revenue": 20752000000,
    "costOfRevenue": 13865000000,
    "grossProfit": 6887000000,
    "grossProfitRatio": 0.3318716268,
    "researchAndDevelopmentExpenses": 665000000,
    "generalAndAdministrativeExpenses": 0,
    "sellingAndMarketingExpenses": 0,
    "sellingGeneralAndAdministrativeExpenses": 3227000000,
    "otherExpenses": 36000000,
    "operatingExpenses": 3892000000,
    "costAndExpenses": 17757000000,
    "interestIncome": 88000000,
    "interestExpense": 144000000,
    "depreciationAndAmortization": 954000000,
    "ebitda": 3031000000,
    "ebitdaratio": 0.1460582113,
    "operatingIncome": 2077000000,
    "operatingIncomeRatio": 0.1000867386,
    "totalOtherIncomeExpensesNet": 834000000,
    "incomeBeforeTax": 2911000000,
    "incomeBeforeTaxRatio": 0.1402756361,
    "incomeTaxExpense": 445000000,
    "netIncome": 2462000000,
    "netIncomeRatio": 0.1186391673,
    "eps": 6.18,
    "epsdiluted": 6.14,
    "weightedAverageShsOut": 398700000,
    "weightedAverageShsOutDil": 400800000,
    "link": "https://www.sec.gov/Archives/edgar/data/1551182/000155118223000004/0001551182-23-000004-index.htm",
    "finalLink": "https://www.sec.gov/Archives/edgar/data/1551182/000155118223000004/etn-20221231.htm"
  },
  {
    "date": "2021-12-31",
    "symbol": "ETN",
    "reportedCurrency": "USD",
    "cik": "0001551182",
    "fillingDate": "2022-02-23",
    "acceptedDate": "2022-02-23 16:31:49",
    "calendarYear": "2021",
    "period": "FY",
    "revenue": 19628000000,
    "costOfRevenue": 13293000000,
    "grossProfit": 6335000000,
    "grossProfitRatio": 0.3227532097,
    "researchAndDevelopmentExpenses": 616000000,
    "generalAndAdministrativeExpenses": 0,
    "sellingAndMarketingExpenses": 0,
    "sellingGeneralAndAdministrativeExpenses": 3256000000,
    "otherExpenses": -40000000,
    "operatingExpenses": 3872000000,
    "costAndExpenses": 17165000000,
    "interestIncome": 144000000,
    "interestExpense": 144000000,
    "depreciationAndAmortization": 922000000,
    "ebitda": 2423000000,
    "ebitdaratio": 0.1234460974,
    "operatingIncome": 1501000000,
    "operatingIncomeRatio": 0.0764723864,
    "totalOtherIncomeExpensesNet": 1395000000,
    "incomeBeforeTax": 2896000000,
    "incomeBeforeTaxRatio": 0.1475443244,
    "incomeTaxExpense": 750000000,
    "netIncome": 2144000000,
    "netIncomeRatio": 0.1092317098,
    "eps": 5.38,
    "epsdiluted": 5.34,
    "weightedAverageShsOut": 398700000,
    "weightedAverageShsOutDil": 401600000,
    "link": "https://www.sec.gov/Archives/edgar/data/1551182/000155118222000004/0001551182-22-000004-index.htm",
    "finalLink": "https://www.sec.gov/Archives/edgar/data/1551182/000155118222000004/etn-20211231.htm"
  },
  {
    "date": "2020-12-31",
    "symbol": "ETN",
    "reportedCurrency": "USD",
    "cik": "0001551182",
    "fillingDate": "2021-02-24",
    "acceptedDate": "2021-02-24 16:00:55",
    "calendarYear": "2020",
    "period": "FY",
    "revenue": 17858000000,
    "costOfRevenue": 12408000000,
    "grossProfit": 5450000000,
    "grossProfitRatio": 0.3051853511,
    "researchAndDevelopmentExpenses": 551000000,
    "generalAndAdministrativeExpenses": 0,
    "sellingAndMarketingExpenses": 0,
    "sellingGeneralAndAdministrativeExpenses": 3075000000,
    "otherExpenses": -150000000,
    "operatingExpenses": 3626000000,
    "costAndExpenses": 16034000000,
    "interestIncome": 221000000,
    "interestExpense": 149000000,
    "depreciationAndAmortization": 811000000,
    "ebitda": 1674000000,
    "ebitdaratio": 0.0937395005,
    "operatingIncome": 863000000,
    "operatingIncomeRatio": 0.0483256804,
    "totalOtherIncomeExpensesNet": 883000000,
    "incomeBeforeTax": 1746000000,
    "incomeBeforeTaxRatio": 0.097771307,
    "incomeTaxExpense": 331000000,
    "netIncome": 1410000000,
    "netIncomeRatio": 0.0789562101,
    "eps": 3.51,
    "epsdiluted": 3.49,
    "weightedAverageShsOut": 402200000,
    "weightedAverageShsOutDil": 404000000,
    "link": "https://www.sec.gov/Archives/edgar/data/1551182/000155118221000022/0001551182-21-000022-index.htm",
    "finalLink": "https://www.sec.gov/Archives/edgar/data/1551182/000155118221000022/etn-20201231.htm"
  },
  {
    "date": "2019-12-31",
    "symbol": "ETN",
    "reportedCurrency": "USD",
    "cik": "0001551182",
    "fillingDate": "2020-02-26",
    "acceptedDate": "2020-02-26 13:07:06",
    "calendarYear": "2019",
    "period": "FY",
    "revenue": 21390000000,
    "costOfRevenue": 14338000000,
    "grossProfit": 7052000000,
    "grossProfitRatio": 0.3296867695,
    "researchAndDevelopmentExpenses": 606000000,
    "generalAndAdministrativeExpenses": 0,
    "sellingAndMarketingExpenses": 0,
    "sellingGeneralAndAdministrativeExpenses": 3583000000,
    "otherExpenses": -36000000,
    "operatingExpenses": 4189000000,
    "costAndExpenses": 18527000000,
    "interestIncome": 272000000,
    "interestExpense": 236000000,
    "depreciationAndAmortization": 884000000,
    "ebitda": 2827000000,
    "ebitdaratio": 0.1321645629,
    "operatingIncome": 1943000000,
    "operatingIncomeRatio": 0.0908368396,
    "totalOtherIncomeExpensesNet": 648000000,
    "incomeBeforeTax": 2591000000,
    "incomeBeforeTaxRatio": 0.1211313698,
    "incomeTaxExpense": 378000000,
    "netIncome": 2211000000,
    "netIncomeRatio": 0.1033660589,
    "eps": 5.28,
    "epsdiluted": 5.25,
    "weightedAverageShsOut": 419000000,
    "weightedAverageShsOutDil": 420800000,
    "link": "https://www.sec.gov/Archives/edgar/data/1551182/000155118220000050/0001551182-20-000050-index.htm",
    "finalLink": "https://www.sec.gov/Archives/edgar/data/1551182/000155118220000050/etn12312019form10-k.htm"
  },
  {
    "date": "2018-12-31",
    "symbol": "ETN",
    "reportedCurrency": "USD",
    "cik": "0001551182",
    "fillingDate": "2019-02-27",
    "acceptedDate": "2019-02-27 15:05:59",
    "calendarYear": "2018",
    "period": "FY",
    "revenue": 21609000000,
    "costOfRevenue": 14511000000,
    "grossProfit": 7098000000,
    "grossProfitRatio": 0.3284742468,
    "researchAndDevelopmentExpenses": 584000000,
    "generalAndAdministrativeExpenses": 3548000000,
    "sellingAndMarketingExpenses": 0,
    "sellingGeneralAndAdministrativeExpenses": 3548000000,
    "otherExpenses": 4000000,
    "operatingExpenses": 4132000000,
    "costAndExpenses": 18643000000,
    "interestIncome": 13000000,
    "interestExpense": 271000000,
    "depreciationAndAmortization": 903000000,
    "ebitda": 3875000000,
    "ebitdaratio": 0.1793234301,
    "operatingIncome": 2966000000,
    "operatingIncomeRatio": 0.1372576241,
    "totalOtherIncomeExpensesNet": -542000000,
    "incomeBeforeTax": 2424000000,
    "incomeBeforeTaxRatio": 0.1121754824,
    "incomeTaxExpense": 278000000,
    "netIncome": 2145000000,
    "netIncomeRatio": 0.0992641955,
    "eps": 4.94,
    "epsdiluted": 4.91,
    "weightedAverageShsOut": 434300000,
    "weightedAverageShsOutDil": 436900000,
    "link": "https://www.sec.gov/Archives/edgar/data/1551182/000155118219000045/0001551182-19-000045-index.htm",
    "finalLink": "https://www.sec.gov/Archives/edgar/data/1551182/000155118219000045/etn12312018form10-k.htm"
  },
  {
    "date": "2017-12-31",
    "symbol": "ETN",
    "reportedCurrency": "USD",
    "cik": "0001551182",
    "fillingDate": "2018-02-28",
    "acceptedDate": "2018-02-28 12:45:42",
    "calendarYear": "2017",
    "period": "FY",
    "revenue": 20404000000,
    "costOfRevenue": 13756000000,
    "grossProfit": 6648000000,
    "grossProfitRatio": 0.325818467,
    "researchAndDevelopmentExpenses": 584000000,
    "generalAndAdministrativeExpenses": 3565000000,
    "sellingAndMarketingExpenses": 0,
    "sellingGeneralAndAdministrativeExpenses": 3565000000,
    "otherExpenses": 38000000,
    "operatingExpenses": 4149000000,
    "costAndExpenses": 17905000000,
    "interestIncome": 0,
    "interestExpense": 246000000,
    "depreciationAndAmortization": 914000000,
    "ebitda": 3418000000,
    "ebitdaratio": 0.1675161733,
    "operatingIncome": 2499000000,
    "operatingIncomeRatio": 0.1224759851,
    "totalOtherIncomeExpensesNet": 830000000,
    "incomeBeforeTax": 3368000000,
    "incomeBeforeTaxRatio": 0.1650656734,
    "incomeTaxExpense": 382000000,
    "netIncome": 2985000000,
    "netIncomeRatio": 0.1462948441,
    "eps": 6.71,
    "epsdiluted": 6.68,
    "weightedAverageShsOut": 444500000,
    "weightedAverageShsOutDil": 447000000,
    "link": "https://www.sec.gov/Archives/edgar/data/1551182/000155118218000074/0001551182-18-000074-index.htm",
    "finalLink": "https://www.sec.gov/Archives/edgar/data/1551182/000155118218000074/etn12312017form10-k.htm"
  },
  {
    "date": "2016-12-31",
    "symbol": "ETN",
    "reportedCurrency": "USD",
    "cik": "0001551182",
    "fillingDate": "2017-02-22",
    "acceptedDate": "2017-02-22 16:03:51",
    "calendarYear": "2016",
    "period": "FY",
    "revenue": 19747000000,
    "costOfRevenue": 13400000000,
    "grossProfit": 6347000000,
    "grossProfitRatio": 0.3214159113,
    "researchAndDevelopmentExpenses": 589000000,
    "generalAndAdministrativeExpenses": 3505000000,
    "sellingAndMarketingExpenses": 0,
    "sellingGeneralAndAdministrativeExpenses": 3505000000,
    "otherExpenses": 107000000,
    "operatingExpenses": 4094000000,
    "costAndExpenses": 17494000000,
    "interestIncome": 0,
    "interestExpense": 233000000,
    "depreciationAndAmortization": 929000000,
    "ebitda": 3176000000,
    "ebitdaratio": 0.1608345571,
    "operatingIncome": 2253000000,
    "operatingIncomeRatio": 0.11409328,
    "totalOtherIncomeExpensesNet": -182000000,
    "incomeBeforeTax": 2127000000,
    "incomeBeforeTaxRatio": 0.1077125639,
    "incomeTaxExpense": 202000000,
    "netIncome": 1922000000,
    "netIncomeRatio": 0.0973312402,
    "eps": 4.21,
    "epsdiluted": 4.2,
    "weightedAverageShsOut": 455000000,
    "weightedAverageShsOutDil": 456500000,
    "link": "https://www.sec.gov/Archives/edgar/data/1551182/000155118217000014/0001551182-17-000014-index.htm",
    "finalLink": "https://www.sec.gov/Archives/edgar/data/1551182/000155118217000014/etn12312016form10-k.htm"
  },
  {
    "date": "2015-12-31",
    "symbol": "ETN",
    "reportedCurrency": "USD",
    "cik": "0001551182",
    "fillingDate": "2016-02-24",
    "acceptedDate": "2016-02-24 15:56:29",
    "calendarYear": "2015",
    "period": "FY",
    "revenue": 20855000000,
    "costOfRevenue": 14292000000,
    "grossProfit": 6563000000,
    "grossProfitRatio": 0.3146967154,
    "researchAndDevelopmentExpenses": 625000000,
    "generalAndAdministrativeExpenses": 3596000000,
    "sellingAndMarketingExpenses": 0,
    "sellingGeneralAndAdministrativeExpenses": 3596000000,
    "otherExpenses": 35000000,
    "operatingExpenses": 4221000000,
    "costAndExpenses": 18513000000,
    "interestIncome": 0,
    "interestExpense": 232000000,
    "depreciationAndAmortization": 925000000,
    "ebitda": 3302000000,
    "ebitdaratio": 0.1583313354,
    "operatingIncome": 2342000000,
    "operatingIncomeRatio": 0.1122992088,
    "totalOtherIncomeExpensesNet": -197000000,
    "incomeBeforeTax": 2145000000,
    "incomeBeforeTaxRatio": 0.1028530328,
    "incomeTaxExpense": 164000000,
    "netIncome": 1979000000,
    "netIncomeRatio": 0.094893311,
    "eps": 4.23,
    "epsdiluted": 4.22,
    "weightedAverageShsOut": 465500000,
    "weightedAverageShsOutDil": 467100000,
    "link": "https://www.sec.gov/Archives/edgar/data/1551182/000155118216000041/0001551182-16-000041-index.htm",
    "finalLink": "https://www.sec.gov/Archives/edgar/data/1551182/000155118216000041/etn12312015form10-k.htm"
  }
]