[
  {
    "date": "2024-12-31",
    "symbol": "ETN",
    "reportedCurrency": "USD",
    "cik": "0001551182",
    "fillingDate": "2025-02-27",
    "acceptedDate": "2025-02-27 14:22:18",
    "calendarYear": "2024",
    "period": "Q4",
    "revenue": 6240000000,
    "costOfRevenue": 3811000000,
    "grossProfit": 2429000000,
    "grossProfitRatio": 0.3892628205,
    "researchAndDevelopmentExpenses": 201000000,
    "generalAndAdministrativeExpenses": 0,
    "sellingAndMarketingExpenses": 0,
    "sellingGeneralAndAdministrativeExpenses": 1003000000,
    "otherExpenses": 0,
    "operatingExpenses": 1204000000,
    "costAndExpenses": 5015000000,
    "interestIncome": 0,
    "interestExpense": 42000000,
    "depreciationAndAmortization": 234000000,
    "ebitda": 1460000000,
    "ebitdaratio": 0.233974359,
    "operatingIncome": 1225000000,
    "operatingIncomeRatio": 0.1963141026,
    "totalOtherIncomeExpensesNet": -58000000,
    "incomeBeforeTax": 1167000000,
    "incomeBeforeTaxRatio": 0.1870192308,
    "incomeTaxExpense": 195000000,
    "netIncome": 971000000,
    "netIncomeRatio": 0.1556089744,
    "eps": 2.46,
    "epsdiluted": 2.45,
    "weightedAverageShsOut": 394100000,
    "weightedAverageShsOutDil": 396000000,
    "link": "https://www.sec.gov/Archives/edgar/data/1551182/000155118225000006/0001551182-25-000006-index.htm",
    "finalLink": "https://www.sec.gov/Archives/edgar/data/1551182/000155118225000006/etn-20241231.htm"
  },
  {
    "date": "2024-09-30",
    "symbol": "ETN",
    "reportedCurrency": "USD",
    "cik": "0001551182",
    "fillingDate": "2024-10-31",
    "acceptedDate": "2024-10-31 12:43:37",
    "calendarYear": "2024",
    "period": "Q3",
    "revenue": 6345000000,
    "costOfRevenue": 3899000000,
    "grossProfit": 2446000000,
    "grossProfitRatio": 0.385500394,
    "researchAndDevelopmentExpenses": 207000000,
    "generalAndAdministrativeExpenses": 0,
    "sellingAndMarketingExpenses": 0,
    "sellingGeneralAndAdministrativeExpenses": 1028000000,
    "otherExpenses": 0,
    "operatingExpenses": 2446000000,
    "costAndExpenses": 5086000000,
    "interestIncome": 0,
    "interestExpense": 29000000,
    "depreciationAndAmortization": 235000000,
    "ebitda": 1471000000,
    "ebitdaratio": 0.2318360914,
    "operatingIncome": 1259000000,
    "operatingIncomeRatio": 0.1984239559,
    "totalOtherIncomeExpensesNet": -55000000,
    "incomeBeforeTax": 1204000000,
    "incomeBeforeTaxRatio": 0.1897557132,
    "incomeTaxExpense": 193000000,
    "netIncome": 1009000000,
    "netIncomeRatio": 0.1590228526,
    "eps": 2.54,
    "epsdiluted": 2.53,
    "weightedAverageShsOut": 397100000,
    "weightedAverageShsOutDil": 398900000,
    "link": "https://www.sec.gov/Archives/edgar/data/1551182/000155118224000041/0001551182-24-000041-index.htm",
    "finalLink": "https://www.sec.gov/Archives/edgar/data/1551182/000155118224000041/etn-20240930.htm"
  },
  {
    "date": "2024-06-30",
    "symbol": "ETN",
    "reportedCurrency": "USD",
    "cik": "0001551182",
    "fillingDate": "2024-08-01",
    "acceptedDate": "2024-08-01 13:28:25",
    "calendarYear": "2024",
    "period": "Q2",
    "revenue": 6350000000,
    "costOfRevenue": 3941000000,
    "grossProfit": 2409000000,
    "grossProfitRatio": 0.3793700787,
    "researchAndDevelopmentExpenses": 196000000,
    "generalAndAdministrativeExpenses": 0,
    "sellingAndMarketingExpenses": 0,
    "sellingGeneralAndAdministrativeExpenses": 996000000,
    "otherExpenses": 32000000,
    "operatingExpenses": 1192000000,
    "costAndExpenses": 5133000000,
    "interestIncome": 0,
    "interestExpense": 29000000,
    "depreciationAndAmortization": 227000000,
    "ebitda": 1444000000,
    "ebitdaratio": 0.2274015748,
    "operatingIncome": 1217000000,
    "operatingIncomeRatio": 0.1916535433,
    "totalOtherIncomeExpensesNet": 2000000,
    "incomeBeforeTax": 1195000000,
    "incomeBeforeTaxRatio": 0.1881889764,
    "incomeTaxExpense": 201000000,
    "netIncome": 993000000,
    "netIncomeRatio": 0.1563779528,
    "eps": 2.49,
    "epsdiluted": 2.48,
    "weightedAverageShsOut": 399200000,
    "weightedAverageShsOutDil": 401000000,
    "link": "https://www.sec.gov/Archives/edgar/data/1551182/000155118224000035/0001551182-24-000035-index.htm",
    "finalLink": "https://www.sec.gov/Archives/edgar/data/1551182/000155118224000035/etn-20240630.htm"
  },
  {
    "date": "2024-03-31",
    "symbol": "ETN",
    "reportedCurrency": "USD",
    "cik": "0001551182",
    "fillingDate": "2024-04-30",
    "acceptedDate": "2024-04-30 12:07:49",
    "calendarYear": "2024",
    "period": "Q1",
    "revenue": 5943000000,
    "costOfRevenue": 3725000000,
    "grossProfit": 2218000000,
    "grossProfitRatio": 0.3732121824,
    "researchAndDevelopmentExpenses": 189000000,
    "generalAndAdministrativeExpenses": 0,
    "sellingAndMarketingExpenses": 0,
    "sellingGeneralAndAdministrativeExpenses": 1025000000,
    "otherExpenses": 26000000,
    "operatingExpenses": 1214000000,
    "costAndExpenses": 4939000000,
    "interestIncome": 0,
    "interestExpense": 30000000,
    "depreciationAndAmortization": 225000000,
    "ebitda": 1240000000,
    "ebitdaratio": 0.2086488306,
    "operatingIncome": 1000000000,
    "operatingIncomeRatio": 0.1682651859,
    "totalOtherIncomeExpensesNet": -3000000,
    "incomeBeforeTax": 1001000000,
    "incomeBeforeTaxRatio": 0.1684334511,
    "incomeTaxExpense": 179000000,
    "netIncome": 821000000,
    "netIncomeRatio": 0.1381457177,
    "eps": 2.05,
    "epsdiluted": 2.04,
    "weightedAverageShsOut": 399900000,
    "weightedAverageShsOutDil": 401900000,
    "link": "https://www.sec.gov/Archives/edgar/data/1551182/000155118224000013/0001551182-24-000013-index.htm",
    "finalLink": "https://www.sec.gov/Archives/edgar/data/1551182/000155118224000013/etn-20240331.htm"
  },
  {
    "date": "2023-12-31",
    "symbol": "ETN",
    "reportedCurrency": "USD",
    "cik": "0001551182",
    "fillingDate": "2024-02-29",
    "acceptedDate": "2024-02-29 14:35:53",
    "calendarYear": "2023",
    "period": "Q4",
    "revenue": 5967000000,
    "costOfRevenue": 3625000000,
    "grossProfit": 2342000000,
    "grossProfitRatio": 0.3924920396,
    "researchAndDevelopmentExpenses": 201000000,
    "generalAndAdministrativeExpenses": 0,
    "sellingAndMarketingExpenses": 0,
    "sellingGeneralAndAdministrativeExpenses": 956000000,
    "otherExpenses": -107000000,
    "operatingExpenses": 1264000000,
    "costAndExpenses": 4889000000,
    "interestIncome": 0,
    "interestExpense": 27000000,
    "depreciationAndAmortization": 231000000,
    "ebitda": 1323000000,
    "ebitdaratio": 0.221719457,
    "operatingIncome": 1078000000,
    "operatingIncomeRatio": 0.1806602983,
    "totalOtherIncomeExpensesNet": 10000000,
    "incomeBeforeTax": 1088000000,
    "incomeBeforeTaxRatio": 0.1823361823,
    "incomeTaxExpense": 141000000,
    "netIncome": 945000000,
    "netIncomeRatio": 0.1583710407,
    "eps": 2.37,
    "epsdiluted": 2.35,
    "weightedAverageShsOut": 399600000,
    "weightedAverageShsOutDil": 401800000,
    "link": "https://www.sec.gov/Archives/edgar/data/1551182/000155118224000006/0001551182-24-000006-index.htm",
    "finalLink": "https://www.sec.gov/Archives/edgar/data/1551182/000155118224000006/etn-20231231.htm"
  },
  {
    "date": "2023-09-30",
    "symbol": "ETN",
    "reportedCurrency": "USD",
    "cik": "0001551182",
    "fillingDate": "2023-10-31",
    "acceptedDate": "2023-10-31 12:31:56",
    "calendarYear": "2023",
    "period": "Q3",
    "revenue": 5880000000,
    "costOfRevenue": 3684000000,
    "grossProfit": 2196000000,
    "grossProfitRatio": 0.3734693878,
    "researchAndDevelopmentExpenses": 187000000,
    "generalAndAdministrativeExpenses": 0,
    "sellingAndMarketingExpenses": 0,
    "sellingGeneralAndAdministrativeExpenses": 949000000,
    "otherExpenses": 52000000,
    "operatingExpenses": 1136000000,
    "costAndExpenses": 4820000000,
    "interestIncome": 47000000,
    "interestExpense": 33000000,
    "depreciationAndAmortization": 229000000,
    "ebitda": 1300000000,
    "ebitdaratio": 0.2210884354,
    "operatingIncome": 1078000000,
    "operatingIncomeRatio": 0.1833333333,
    "totalOtherIncomeExpensesNet": 19000000,
    "incomeBeforeTax": 1079000000,
    "incomeBeforeTaxRatio": 0.1835034014,
    "incomeTaxExpense": 187000000,
    "netIncome": 891000000,
    "netIncomeRatio": 0.1515306122,
    "eps": 2.23,
    "epsdiluted": 2.22,
    "weightedAverageShsOut": 399400000,
    "weightedAverageShsOutDil": 401600000,
    "link": "https://www.sec.gov/Archives/edgar/data/1551182/000155118223000029/0001551182-23-000029-index.htm",
    "finalLink": "https://www.sec.gov/Archives/edgar/data/1551182/000155118223000029/etn-20230930.htm"
  },
  {
    "date": "2023-06-30",
    "symbol": "ETN",
    "reportedCurrency": "USD",
    "cik": "0001551182",
    "fillingDate": "2023-08-01",
    "acceptedDate": "2023-08-01 12:23:11",
    "calendarYear": "2023",
    "period": "Q2",
    "revenue": 5866000000,
    "costOfRevenue": 3747000000,
    "grossProfit": 2119000000,
    "grossProfitRatio": 0.3612342312,
    "researchAndDevelopmentExpenses": 187000000,
    "generalAndAdministrativeExpenses": 0,
    "sellingAndMarketingExpenses": 0,
    "sellingGeneralAndAdministrativeExpenses": 986000000,
    "otherExpenses": -7000000,
    "operatingExpenses": 1173000000,
    "costAndExpenses": 4920000000,
    "interestIncome": 48000000,
    "interestExpense": 42000000,
    "depreciationAndAmortization": 228000000,
    "ebitda": 1183000000,
    "ebitdaratio": 0.2016706444,
    "operatingIncome": 897000000,
    "operatingIncomeRatio": 0.152915104,
    "totalOtherIncomeExpensesNet": -48000000,
    "incomeBeforeTax": 898000000,
    "incomeBeforeTaxRatio": 0.1530855779,
    "incomeTaxExpense": 153000000,
    "netIncome": 744000000,
    "netIncomeRatio": 0.1268325946,
    "eps": 1.87,
    "epsdiluted": 1.86,
    "weightedAverageShsOut": 398900000,
    "weightedAverageShsOutDil": 400700000,
    "link": "https://www.sec.gov/Archives/edgar/data/1551182/000155118223000024/0001551182-23-000024-index.htm",
    "finalLink": "https://www.sec.gov/Archives/edgar/data/1551182/000155118223000024/etn-20230630.htm"
  },
  {
    "date": "2023-03-31",
    "symbol": "ETN",
    "reportedCurrency": "USD",
    "cik": "0001551182",
    "fillingDate": "2023-05-02",
    "acceptedDate": "2023-05-02 12:22:59",
    "calendarYear": "2023",
    "period": "Q1",
    "revenue": 5483000000,
    "costOfRevenue": 3599000000,
    "grossProfit": 1884000000,
    "grossProfitRatio": 0.3436075141,
    "researchAndDevelopmentExpenses": 179000000,
    "generalAndAdministrativeExpenses": 0,
    "sellingAndMarketingExpenses": 0,
    "sellingGeneralAndAdministrativeExpenses": 904000000,
    "otherExpenses": 11000000,
    "operatingExpenses": 1083000000,
    "costAndExpenses": 4682000000,
    "interestIncome": 50000000,
    "interestExpense": 50000000,
    "depreciationAndAmortization": 238000000,
    "ebitda": 1049000000,
    "ebitdaratio": 0.1913186212,
    "operatingIncome": 811000000,
    "operatingIncomeRatio": 0.1479117272,
    "totalOtherIncomeExpensesNet": -39000000,
    "incomeBeforeTax": 762000000,
    "incomeBeforeTaxRatio": 0.1389750137,
    "incomeTaxExpense": 123000000,
    "netIncome": 638000000,
    "netIncomeRatio": 0.1163596571,
    "eps": 1.6,
    "epsdiluted": 1.59,
    "weightedAverageShsOut": 398500000,
    "weightedAverageShsOutDil": 400500000,
    "link": "https://www.sec.gov/Archives/edgar/data/1551182/000155118223000008/0001551182-23-000008-index.htm",
    "finalLink": "https://www.sec.gov/Archives/edgar/data/1551182/000155118223000008/etn-20230331.htm"
  },
  {
    "date": "2022-12-31",
    "symbol": "ETN",
    "reportedCurrency": "USD",
    "cik": "0001551182",
    "fillingDate": "2023-02-23",
    "acceptedDate": "2023-02-23 16:22:19",
    "calendarYear": "2022",
    "period": "Q4",
    "revenue": 5384000000,
    "costOfRevenue": 3547000000,
    "grossProfit": 1837000000,
    "grossProfitRatio": 0.3411961367,
    "researchAndDevelopmentExpenses": 167000000,
    "generalAndAdministrativeExpenses": 0,
    "sellingAndMarketingExpenses": 0,
    "sellingGeneralAndAdministrativeExpenses": 796000000,
    "otherExpenses": 20000000,
    "operatingExpenses": 963000000,
    "costAndExpenses": 4510000000,
    "interestIncome": 73000000,
    "interestExpense": 44000000,
    "depreciationAndAmortization": 238000000,
    "ebitda": 895000000,
    "ebitdaratio": 0.1662332838,
    "operatingIncome": 657000000,
    "operatingIncomeRatio": 0.1220282318,
    "totalOtherIncomeExpensesNet": 194000000,
    "incomeBeforeTax": 851000000,
    "incomeBeforeTaxRatio": 0.1580609212,
    "incomeTaxExpense": 129000000,
    "netIncome": 721000000,
    "netIncomeRatio": 0.1339153046,
    "eps": 1.81,
    "epsdiluted": 1.8,
    "weightedAverageShsOut": 398000000,
    "weightedAverageShsOutDil": 400300000,
    "link": "https://www.sec.gov/Archives/edgar/data/1551182/000155118223000004/0001551182-23-000004-index.htm",
    "finalLink": "https://www.sec.gov/Archives/edgar/data/1551182/000155118223000004/etn-20221231.htm"
  },
  {
    "date": "2022-09-30",
    "symbol": "ETN",
    "reportedCurrency": "USD",
    "cik": "0001551182",
    "fillingDate": "2022-11-01",
    "acceptedDate": "2022-11-01 14:34:31",
    "calendarYear": "2022",
    "period": "Q3",
    "revenue": 5313000000,
    "costOfRevenue": 3545000000,
    "grossProfit": 1768000000,
    "grossProfitRatio": 0.3327686806,
    "researchAndDevelopmentExpenses": 165000000,
    "generalAndAdministrativeExpenses": 0,
    "sellingAndMarketingExpenses": 0,
    "sellingGeneralAndAdministrativeExpenses": 813000000,
    "otherExpenses": -34000000,
    "operatingExpenses": 978000000,
    "costAndExpenses": 4523000000,
    "interestIncome": 15000000,
    "interestExpense": 37000000,
    "depreciationAndAmortization": 237000000,
    "ebitda": 994000000,
    "ebitdaratio": 0.187088274,
    "operatingIncome": 757000000,
    "operatingIncomeRatio": 0.1424807077,
    "totalOtherIncomeExpensesNet": -70000000,
    "incomeBeforeTax": 720000000,
    "incomeBeforeTaxRatio": 0.1355166573,
    "incomeTaxExpense": 112000000,
    "netIncome": 607000000,
    "netIncomeRatio": 0.1142480708,
    "eps": 1.52,
    "epsdiluted": 1.52,
    "weightedAverageShsOut": 398400000,
    "weightedAverageShsOutDil": 400300000,
    "link": "https://www.sec.gov/Archives/edgar/data/1551182/000155118222000024/0001551182-22-000024-index.htm",
    "finalLink": "https://www.sec.gov/Archives/edgar/data/1551182/000155118222000024/etn-20220930.htm"
  },
  {
    "date": "2022-06-30",
    "symbol": "ETN",
    "reportedCurrency": "USD",
    "cik": "0001551182",
    "fillingDate": "2022-08-02",
    "acceptedDate": "2022-08-02 14:06:44",
    "calendarYear": "2022",
    "period": "Q2",
    "revenue": 5212000000,
    "costOfRevenue": 3505000000,
    "grossProfit": 1707000000,
    "grossProfitRatio": 0.3275134305,
    "researchAndDevelopmentExpenses": 168000000,
    "generalAndAdministrativeExpenses": 0,
    "sellingAndMarketingExpenses": 0,
    "sellingGeneralAndAdministrativeExpenses": 828000000,
    "otherExpenses": 41000000,
    "operatingExpenses": 996000000,
    "costAndExpenses": 4501000000,
    "interestIncome": 0,
    "interestExpense": 31000000,
    "depreciationAndAmortization": 235000000,
    "ebitda": 751000000,
    "ebitdaratio": 0.1440905602,
    "operatingIncome": 516000000,
    "operatingIncomeRatio": 0.0990023024,
    "totalOtherIncomeExpensesNet": 204000000,
    "incomeBeforeTax": 720000000,
    "incomeBeforeTaxRatio": 0.1381427475,
    "incomeTaxExpense": 119000000,
    "netIncome": 601000000,
    "netIncomeRatio": 0.1153108212,
    "eps": 1.51,
    "epsdiluted": 1.5,
    "weightedAverageShsOut": 399000000,
    "weightedAverageShsOutDil": 400700000,
    "link": "https://www.sec.gov/Archives/edgar/data/1551182/000155118222000020/0001551182-22-000020-index.htm",
    "finalLink": "https://www.sec.gov/Archives/edgar/data/1551182/000155118222000020/etn-20220630.htm"
  },
  {
    "date": "2022-03-31",
    "symbol": "ETN",
    "reportedCurrency": "USD",
    "cik": "0001551182",
    "fillingDate": "2022-05-03",
    "acceptedDate": "2022-05-03 12:09:48",
    "calendarYear": "2022",
    "period": "Q1",
    "revenue": 4843000000,
    "costOfRevenue": 3269000000,
    "grossProfit": 1574000000,
    "grossProfitRatio": 0.3250051621,
    "researchAndDevelopmentExpenses": 165000000,
    "generalAndAdministrativeExpenses": 0,
    "sellingAndMarketingExpenses": 0,
    "sellingGeneralAndAdministrativeExpenses": 790000000,
    "otherExpenses": 8000000,
    "operatingExpenses": 955000000,
    "costAndExpenses": 4224000000,
    "interestIncome": 0,
    "interestExpense": 32000000,
    "depreciationAndAmortization": 244000000,
    "ebitda": 627000000,
    "ebitdaratio": 0.1294652075,
    "operatingIncome": 383000000,
    "operatingIncomeRatio": 0.0790832129,
    "totalOtherIncomeExpensesNet": 236000000,
    "incomeBeforeTax": 619000000,
    "incomeBeforeTaxRatio": 0.1278133388,
    "incomeTaxExpense": 86000000,
    "netIncome": 532000000,
    "netIncomeRatio": 0.109849267,
    "eps": 1.33,
    "epsdiluted": 1.32,
    "weightedAverageShsOut": 399200000,
    "weightedAverageShsOutDil": 401800000,
    "link": "https://www.sec.gov/Archives/edgar/data/1551182/000155118222000008/0001551182-22-000008-index.htm",
    "finalLink": "https://www.sec.gov/Archives/edgar/data/1551182/000155118222000008/etn-20220331.htm"
  },
  {
    "date": "2021-12-31",
    "symbol": "ETN",
    "reportedCurrency": "USD",
    "cik": "0001551182",
    "fillingDate": "2022-02-23",
    "acceptedDate": "2022-02-23 16:31:49",
    "calendarYear": "2021",
    "period": "Q4",
    "revenue": 4798000000,
    "costOfRevenue": 3226000000,
    "grossProfit": 1572000000,
    "grossProfitRatio": 0.3276365152,
    "researchAndDevelopmentExpenses": 162000000,
    "generalAndAdministrativeExpenses": 0,
    "sellingAndMarketingExpenses": 0,
    "sellingGeneralAndAdministrativeExpenses": 751000000,
    "otherExpenses": -2000000,
    "operatingExpenses": 913000000,
    "costAndExpenses": 4139000000,
    "interestIncome": 0,
    "interestExpense": 32000000,
    "depreciationAndAmortization": 238000000,
    "ebitda": 895000000,
    "ebitdaratio": 0.1865360567,
    "operatingIncome": 657000000,
    "operatingIncomeRatio": 0.136932055,
    "totalOtherIncomeExpensesNet": -34000000,
    "incomeBeforeTax": 625000000,
    "incomeBeforeTaxRatio": 0.1302626094,
    "incomeTaxExpense": 74000000,
    "netIncome": 551000000,
    "netIncomeRatio": 0.1148395165,
    "eps": 1.38,
    "epsdiluted": 1.37,
    "weightedAverageShsOut": 398900000,
    "weightedAverageShsOutDil": 402100000,
    "link": "https://www.sec.gov/Archives/edgar/data/1551182/000155118222000004/0001551182-22-000004-index.htm",
    "finalLink": "https://www.sec.gov/Archives/edgar/data/1551182/000155118222000004/etn-20211231.htm"
  },
  {
    "date": "2021-09-30",
    "symbol": "ETN",
    "reportedCurrency": "USD",
    "cik": "0001551182",
    "fillingDate": "2021-11-02",
    "acceptedDate": "2021-11-02 12:18:54",
    "calendarYear": "2021",
    "period": "Q3",
    "revenue": 4923000000,
    "costOfRevenue": 3338000000,
    "grossProfit": 1585000000,
    "grossProfitRatio": 0.3219581556,
    "researchAndDevelopmentExpenses": 152000000,
    "generalAndAdministrativeExpenses": 0,
    "sellingAndMarketingExpenses": 0,
    "sellingGeneralAndAdministrativeExpenses": 834000000,
    "otherExpenses": -66000000,
    "operatingExpenses": 986000000,
    "costAndExpenses": 4324000000,
    "interestIncome": 0,
    "interestExpense": 37000000,
    "depreciationAndAmortization": 247000000,
    "ebitda": 846000000,
    "ebitdaratio": 0.1718464351,
    "operatingIncome": 599000000,
    "operatingIncomeRatio": 0.1216737762,
    "totalOtherIncomeExpensesNet": 514000000,
    "incomeBeforeTax": 1113000000,
    "incomeBeforeTaxRatio": 0.2260816575,
    "incomeTaxExpense": 483000000,
    "netIncome": 629000000,
    "netIncomeRatio": 0.1277676214,
    "eps": 1.58,
    "epsdiluted": 1.57,
    "weightedAverageShsOut": 398900000,
    "weightedAverageShsOutDil": 401900000,
    "link": "https://www.sec.gov/Archives/edgar/data/1551182/000155118221000184/0001551182-21-000184-index.htm",
    "finalLink": "https://www.sec.gov/Archives/edgar/data/1551182/000155118221000184/etn-20210930.htm"
  },
  {
    "date": "2021-06-30",
    "symbol": "ETN",
    "reportedCurrency": "USD",
    "cik": "0001551182",
    "fillingDate": "2021-08-03",
    "acceptedDate": "2021-08-03 12:17:14",
    "calendarYear": "2021",
    "period": "Q2",
    "revenue": 5215000000,
    "costOfRevenue": 3545000000,
    "grossProfit": 1670000000,
    "grossProfitRatio": 0.3202301055,
    "researchAndDevelopmentExpenses": 154000000,
    "generalAndAdministrativeExpenses": 0,
    "sellingAndMarketingExpenses": 0,
    "sellingGeneralAndAdministrativeExpenses": 876000000,
    "otherExpenses": 17000000,
    "operatingExpenses": 1030000000,
    "costAndExpenses": 4575000000,
    "interestIncome": 0,
    "interestExpense": 37000000,
    "depreciationAndAmortization": 229000000,
    "ebitda": 885000000,
    "ebitdaratio": 0.1697027804,
    "operatingIncome": 640000000,
    "operatingIncomeRatio": 0.1227229147,
    "totalOtherIncomeExpensesNet": -20000000,
    "incomeBeforeTax": 620000000,
    "incomeBeforeTaxRatio": 0.1188878236,
    "incomeTaxExpense": 114000000,
    "netIncome": 506000000,
    "netIncomeRatio": 0.0970278044,
    "eps": 1.27,
    "epsdiluted": 1.26,
    "weightedAverageShsOut": 398800000,
    "weightedAverageShsOutDil": 401400000,
    "link": "https://www.sec.gov/Archives/edgar/data/1551182/000155118221000161/0001551182-21-000161-index.htm",
    "finalLink": "https://www.sec.gov/Archives/edgar/data/1551182/000155118221000161/etn-20210630.htm"
  },
  {
    "date": "2021-03-31",
    "symbol": "ETN",
    "reportedCurrency": "USD",
    "cik": "0001551182",
    "fillingDate": "2021-05-04",
    "acceptedDate": "2021-05-04 12:17:04",
    "calendarYear": "2021",
    "period": "Q1",
    "revenue": 4692000000,
    "costOfRevenue": 3184000000,
    "grossProfit": 1508000000,
    "grossProfitRatio": 0.3213981245,
    "researchAndDevelopmentExpenses": 148000000,
    "generalAndAdministrativeExpenses": 0,
    "sellingAndMarketingExpenses": 0,
    "sellingGeneralAndAdministrativeExpenses": 795000000,
    "otherExpenses": 11000000,
    "operatingExpenses": 943000000,
    "costAndExpenses": 4127000000,
    "interestIncome": 0,
    "interestExpense": 38000000,
    "depreciationAndAmortization": 208000000,
    "ebitda": 788000000,
    "ebitdaratio": 0.167945439,
    "operatingIncome": 565000000,
    "operatingIncomeRatio": 0.1204177323,
    "totalOtherIncomeExpensesNet": -27000000,
    "incomeBeforeTax": 538000000,
    "incomeBeforeTaxRatio": 0.1146632566,
    "incomeTaxExpense": 79000000,
    "netIncome": 458000000,
    "netIncomeRatio": 0.0976129582,
    "eps": 1.15,
    "epsdiluted": 1.14,
    "weightedAverageShsOut": 398300000,
    "weightedAverageShsOutDil": 400900000,
    "link": "https://www.sec.gov/Archives/edgar/data/1551182/000155118221000120/0001551182-21-000120-index.htm",
    "finalLink": "https://www.sec.gov/Archives/edgar/data/1551182/000155118221000120/etn-20210331.htm"
  },
  {
    "date": "2020-12-31",
    "symbol": "ETN",
    "reportedCurrency": "USD",
    "cik": "0001551182",
    "fillingDate": "2021-02-24",
    "acceptedDate": "2021-02-24 16:00:55",
    "calendarYear": "2020",
    "period": "Q4",
    "revenue": 4687000000,
    "costOfRevenue": 3178000000,
    "grossProfit": 1509000000,
    "grossProfitRatio": 0.3219543418,
    "researchAndDevelopmentExpenses": 140000000,
    "generalAndAdministrativeExpenses": 865000000,
    "sellingAndMarketingExpenses": -100000000,
    "sellingGeneralAndAdministrativeExpenses": 765000000,
    "otherExpenses": -15000000,
    "operatingExpenses": 905000000,
    "costAndExpenses": 4083000000,
    "interestIncome": 0,
    "interestExpense": 36000000,
    "depreciationAndAmortization": 208000000,
    "ebitda": 804000000,
    "ebitdaratio": 0.1715382974,
    "operatingIncome": 604000000,
    "operatingIncomeRatio": 0.1288670792,
    "totalOtherIncomeExpensesNet": -51000000,
    "incomeBeforeTax": 553000000,
    "incomeBeforeTaxRatio": 0.1179859185,
    "incomeTaxExpense": 77000000,
    "netIncome": 475000000,
    "netIncomeRatio": 0.1013441434,
    "eps": 1.19,
    "epsdiluted": 1.18,
    "weightedAverageShsOut": 398700000,
    "weightedAverageShsOutDil": 401300000,
    "link": "https://www.sec.gov/Archives/edgar/data/1551182/000155118221000022/0001551182-21-000022-index.htm",
    "finalLink": "https://www.sec.gov/Archives/edgar/data/1551182/000155118221000022/etn-20201231.htm"
  },
  {
    "date": "2020-09-30",
    "symbol": "ETN",
    "reportedCurrency": "USD",
    "cik": "0001551182",
    "fillingDate": "2020-11-03",
    "acceptedDate": "2020-11-03 12:32:39",
    "calendarYear": "2020",
    "period": "Q3",
    "revenue": 4526000000,
    "costOfRevenue": 3051000000,
    "grossProfit": 1475000000,
    "grossProfitRatio": 0.3258948299,
    "researchAndDevelopmentExpenses": 132000000,
    "generalAndAdministrativeExpenses": 0,
    "sellingAndMarketingExpenses": 0,
    "sellingGeneralAndAdministrativeExpenses": 754000000,
    "otherExpenses": -23000000,
    "operatingExpenses": 886000000,
    "costAndExpenses": 3937000000,
    "interestIncome": 0,
    "interestExpense": 41000000,
    "depreciationAndAmortization": 206000000,
    "ebitda": 789000000,
    "ebitdaratio": 0.1743261158,
    "operatingIncome": 589000000,
    "operatingIncomeRatio": 0.1301369863,
    "totalOtherIncomeExpensesNet": -64000000,
    "incomeBeforeTax": 525000000,
    "incomeBeforeTaxRatio": 0.1159964649,
    "incomeTaxExpense": 78000000,
    "netIncome": 446000000,
    "netIncomeRatio": 0.0985417587,
    "eps": 1.11,
    "epsdiluted": 1.11,
    "weightedAverageShsOut": 400400000,
    "weightedAverageShsOutDil": 402300000,
    "link": "https://www.sec.gov/Archives/edgar/data/1551182/000155118220000190/0001551182-20-000190-index.htm",
    "finalLink": "https://www.sec.gov/Archives/edgar/data/1551182/000155118220000190/etn-20200930.htm"
  },
  {
    "date": "2020-06-30",
    "symbol": "ETN",
    "reportedCurrency": "USD",
    "cik": "0001551182",
    "fillingDate": "2020-07-29",
    "acceptedDate": "2020-07-29 12:27:40",
    "calendarYear": "2020",
    "period": "Q2",
    "revenue": 3856000000,
    "costOfRevenue": 2877000000,
    "grossProfit": 979000000,
    "grossProfitRatio": 0.2538900415,
    "researchAndDevelopmentExpenses": 126000000,
    "generalAndAdministrativeExpenses": 0,
    "sellingAndMarketingExpenses": 0,
    "sellingGeneralAndAdministrativeExpenses": 691000000,
    "otherExpenses": -77000000,
    "operatingExpenses": 817000000,
    "costAndExpenses": 3694000000,
    "interestIncome": 0,
    "interestExpense": 38000000,
    "depreciationAndAmortization": 198000000,
    "ebitda": 348000000,
    "ebitdaratio": 0.0902489627,
    "operatingIncome": 162000000,
    "operatingIncomeRatio": 0.0420124481,
    "totalOtherIncomeExpensesNet": -115000000,
    "incomeBeforeTax": 47000000,
    "incomeBeforeTaxRatio": 0.0121887967,
    "incomeTaxExpense": -7000000,
    "netIncome": 51000000,
    "netIncomeRatio": 0.0132261411,
    "eps": 0.13,
    "epsdiluted": 0.13,
    "weightedAverageShsOut": 400400000,
    "weightedAverageShsOutDil": 401300000,
    "link": "https://www.sec.gov/Archives/edgar/data/1551182/000155118220000167/0001551182-20-000167-index.htm",
    "finalLink": "https://www.sec.gov/Archives/edgar/data/1551182/000155118220000167/etn0630202010-q.htm"
  },
  {
    "date": "2020-03-31",
    "symbol": "ETN",
    "reportedCurrency": "USD",
    "cik": "0001551182",
    "fillingDate": "2020-04-30",
    "acceptedDate": "2020-04-30 14:05:03",
    "calendarYear": "2020",
    "period": "Q1",
    "revenue": 4789000000,
    "costOfRevenue": 3302000000,
    "grossProfit": 1487000000,
    "grossProfitRatio": 0.3105032366,
    "researchAndDevelopmentExpenses": 153000000,
    "generalAndAdministrativeExpenses": 865000000,
    "sellingAndMarketingExpenses": 0,
    "sellingGeneralAndAdministrativeExpenses": 865000000,
    "otherExpenses": -35000000,
    "operatingExpenses": 1018000000,
    "costAndExpenses": 4320000000,
    "interestIncome": 0,
    "interestExpense": 34000000,
    "depreciationAndAmortization": 199000000,
    "ebitda": 656000000,
    "ebitdaratio": 0.1369805805,
    "operatingIncome": 469000000,
    "operatingIncomeRatio": 0.0979327626,
    "totalOtherIncomeExpensesNet": 152000000,
    "incomeBeforeTax": 621000000,
    "incomeBeforeTaxRatio": 0.1296721654,
    "incomeTaxExpense": 183000000,
    "netIncome": 438000000,
    "netIncomeRatio": 0.0914595949,
    "eps": 1.07,
    "epsdiluted": 1.07,
    "weightedAverageShsOut": 409300000,
    "weightedAverageShsOutDil": 411100000,
    "link": "https://www.sec.gov/Archives/edgar/data/1551182/000155118220000127/0001551182-20-000127-index.htm",
    "finalLink": "https://www.sec.gov/Archives/edgar/data/1551182/000155118220000127/etn0331202010-q.htm"
  }
]