[
  {
    "date": "2024-12-31",
    "symbol": "SAP",
    "reportedCurrency": "EUR",
    "cik": "0000000000",
    "fillingDate": "2025-02-27",
    "acceptedDate": "2025-02-27 08:00:02",
    "calendarYear": "2024",
    "period": "FY",
    "revenue": 34176000000,
    "costOfRevenue": 9243000000,
    "grossProfit": 24933000000,
    "grossProfitRatio": 0.7295470506,
    "researchAndDevelopmentExpenses": 6514000000,
    "generalAndAdministrativeExpenses": 1435000000,
    "sellingAndMarketingExpenses": 9090000000,
    "sellingGeneralAndAdministrativeExpenses": 10525000000,
    "otherExpenses": 3229000000,
    "operatingExpenses": 20268000000,
    "costAndExpenses": 29511000000,
    "interestIncome": 439000000,
    "interestExpense": 427000000,
    "depreciationAndAmortization": 1280000000,
    "ebitda": 6471000000,
    "ebitdaratio": 0.1893433989,
    "operatingIncome": 4665000000,
    "operatingIncomeRatio": 0.1364992978,
    "totalOtherIncomeExpensesNet": 99000000,
    "incomeBeforeTax": 4764000000,
    "incomeBeforeTaxRatio": 0.1393960674,
    "incomeTaxExpense": 1614000000,
    "netIncome": 3124000000,
    "netIncomeRatio": 0.091409176,
    "eps": 2.68,
    "epsdiluted": 2.65,
    "weightedAverageShsOut": 1166000000,
    "weightedAverageShsOutDil": 1180000000,
    "link": "https://www.sec.gov/Archives/edgar/data/1000184/000110465925017815/0001104659-25-017815-index.htm",
    "finalLink": "https://www.sec.gov/Archives/edgar/data/1000184/000110465925017815/sap-20241224x20f.htm"
  },
  {
    "date": "2023-12-31",
    "symbol": "SAP",
    "reportedCurrency": "EUR",
    "cik": "0000000000",
    "fillingDate": "2023-12-31",
    "acceptedDate": "2023-12-29 19:00:00",
    "calendarYear": "2023",
    "period": "FY",
    "revenue": 31207000000,
    "costOfRevenue": 8604000000,
    "grossProfit": 22603000000,
    "grossProfitRatio": 0.7242926267,
    "researchAndDevelopmentExpenses": 6401000000,
    "generalAndAdministrativeExpenses": 1364000000,
    "sellingAndMarketingExpenses": 8828000000,
    "sellingGeneralAndAdministrativeExpenses": 10192000000,
    "otherExpenses": 223000000,
    "operatingExpenses": 16816000000,
    "costAndExpenses": 25420000000,
    "interestIncome": 477000000,
    "interestExpense": 788000000,
    "depreciationAndAmortization": 1373000000,
    "ebitda": 7502000000,
    "ebitdaratio": 0.2403947832,
    "operatingIncome": 5787000000,
    "operatingIncomeRatio": 0.1854391643,
    "totalOtherIncomeExpensesNet": -446000000,
    "incomeBeforeTax": 5341000000,
    "incomeBeforeTaxRatio": 0.171147499,
    "incomeTaxExpense": 1741000000,
    "netIncome": 6139000000,
    "netIncomeRatio": 0.1967186849,
    "eps": 5.26,
    "epsdiluted": 5.2,
    "weightedAverageShsOut": 1167000000,
    "weightedAverageShsOutDil": 1180000000,
    "link": "https://www.bundesanzeiger.de/pub/de/suche;wwwsid=627BFD7A56A5CB624C47FDDEAB2FC509.web07-pub?0",
    "finalLink": "https://www.bundesanzeiger.de/pub/de/suche;wwwsid=627BFD7A56A5CB624C47FDDEAB2FC509.web07-pub?0"
  },
  {
    "date": "2022-12-31",
    "symbol": "SAP",
    "reportedCurrency": "EUR",
    "cik": "0000000000",
    "fillingDate": "2022-12-31",
    "acceptedDate": "2022-12-30 19:00:00",
    "calendarYear": "2022",
    "period": "FY",
    "revenue": 30872000000,
    "costOfRevenue": 8936000000,
    "grossProfit": 21936000000,
    "grossProfitRatio": 0.7105467738,
    "researchAndDevelopmentExpenses": 6165000000,
    "generalAndAdministrativeExpenses": 2072000000,
    "sellingAndMarketingExpenses": 8943000000,
    "sellingGeneralAndAdministrativeExpenses": 11015000000,
    "otherExpenses": -55000000,
    "operatingExpenses": 17125000000,
    "costAndExpenses": 26061000000,
    "interestIncome": 820000000,
    "interestExpense": 2205000000,
    "depreciationAndAmortization": 1569000000,
    "ebitda": 6480000000,
    "ebitdaratio": 0.2098989375,
    "operatingIncome": 4672000000,
    "operatingIncomeRatio": 0.1513345426,
    "totalOtherIncomeExpensesNet": -1577000000,
    "incomeBeforeTax": 3092000000,
    "incomeBeforeTaxRatio": 0.1001554807,
    "incomeTaxExpense": 1378000000,
    "netIncome": 2284000000,
    "netIncomeRatio": 0.0739828971,
    "eps": 1.96,
    "epsdiluted": 1.95,
    "weightedAverageShsOut": 1170000000,
    "weightedAverageShsOutDil": 1175000000,
    "link": "https://www.bundesanzeiger.de/pub/de/suche;wwwsid=627BFD7A56A5CB624C47FDDEAB2FC509.web07-pub?0",
    "finalLink": "https://www.bundesanzeiger.de/pub/de/suche;wwwsid=627BFD7A56A5CB624C47FDDEAB2FC509.web07-pub?0"
  },
  {
    "date": "2021-12-31",
    "symbol": "SAP",
    "reportedCurrency": "EUR",
    "cik": "0000000000",
    "fillingDate": "2021-12-31",
    "acceptedDate": "2021-12-30 19:00:00",
    "calendarYear": "2021",
    "period": "FY",
    "revenue": 27840000000,
    "costOfRevenue": 7946000000,
    "grossProfit": 19894000000,
    "grossProfitRatio": 0.7145833333,
    "researchAndDevelopmentExpenses": 5190000000,
    "generalAndAdministrativeExpenses": 2431000000,
    "sellingAndMarketingExpenses": 7505000000,
    "sellingGeneralAndAdministrativeExpenses": 9936000000,
    "otherExpenses": -43000000,
    "operatingExpenses": 15083000000,
    "costAndExpenses": 23029000000,
    "interestIncome": 3123000000,
    "interestExpense": 949000000,
    "depreciationAndAmortization": 1775000000,
    "ebitda": 8917000000,
    "ebitdaratio": 0.3202945402,
    "operatingIncome": 2885000000,
    "operatingIncomeRatio": 0.1036278736,
    "totalOtherIncomeExpensesNet": 539000000,
    "incomeBeforeTax": 6847000000,
    "incomeBeforeTaxRatio": 0.245941092,
    "incomeTaxExpense": 1471000000,
    "netIncome": 5256000000,
    "netIncomeRatio": 0.1887931034,
    "eps": 4.56,
    "epsdiluted": 4.56,
    "weightedAverageShsOut": 1179579340,
    "weightedAverageShsOutDil": 1179579340,
    "link": "https://www.bundesanzeiger.de/pub/de/suche;wwwsid=627BFD7A56A5CB624C47FDDEAB2FC509.web07-pub?0",
    "finalLink": "https://www.bundesanzeiger.de/pub/de/suche;wwwsid=627BFD7A56A5CB624C47FDDEAB2FC509.web07-pub?0"
  },
  {
    "date": "2020-12-31",
    "symbol": "SAP",
    "reportedCurrency": "EUR",
    "cik": "0000000000",
    "fillingDate": "2020-12-31",
    "acceptedDate": "2020-12-30 19:00:00",
    "calendarYear": "2020",
    "period": "FY",
    "revenue": 27338000000,
    "costOfRevenue": 7886000000,
    "grossProfit": 19452000000,
    "grossProfitRatio": 0.7115370546,
    "researchAndDevelopmentExpenses": 4457000000,
    "generalAndAdministrativeExpenses": 1355000000,
    "sellingAndMarketingExpenses": 7106000000,
    "sellingGeneralAndAdministrativeExpenses": 8461000000,
    "otherExpenses": -84000000,
    "operatingExpenses": 12834000000,
    "costAndExpenses": 20720000000,
    "interestIncome": 1473000000,
    "interestExpense": 697000000,
    "depreciationAndAmortization": 1831000000,
    "ebitda": 8258000000,
    "ebitdaratio": 0.3020703782,
    "operatingIncome": 6621000000,
    "operatingIncomeRatio": 0.2421903577,
    "totalOtherIncomeExpensesNet": 600000000,
    "incomeBeforeTax": 7218000000,
    "incomeBeforeTaxRatio": 0.2640280928,
    "incomeTaxExpense": 1938000000,
    "netIncome": 5145000000,
    "netIncomeRatio": 0.1881995757,
    "eps": 4.35,
    "epsdiluted": 4.35,
    "weightedAverageShsOut": 1182000000,
    "weightedAverageShsOutDil": 1182000000,
    "link": "https://www.bundesanzeiger.de/pub/de/suche;wwwsid=627BFD7A56A5CB624C47FDDEAB2FC509.web07-pub?0",
    "finalLink": "https://www.bundesanzeiger.de/pub/de/suche;wwwsid=627BFD7A56A5CB624C47FDDEAB2FC509.web07-pub?0"
  },
  {
    "date": "2019-12-31",
    "symbol": "SAP",
    "reportedCurrency": "EUR",
    "cik": "0000000000",
    "fillingDate": "2019-12-31",
    "acceptedDate": "2019-12-30 19:00:00",
    "calendarYear": "2019",
    "period": "FY",
    "revenue": 27553000000,
    "costOfRevenue": 8351000000,
    "grossProfit": 19202000000,
    "grossProfitRatio": 0.6969114071,
    "researchAndDevelopmentExpenses": 4279000000,
    "generalAndAdministrativeExpenses": 1629000000,
    "sellingAndMarketingExpenses": 7689000000,
    "sellingGeneralAndAdministrativeExpenses": 9318000000,
    "otherExpenses": -18000000,
    "operatingExpenses": 13579000000,
    "costAndExpenses": 21930000000,
    "interestIncome": 785000000,
    "interestExpense": 589000000,
    "depreciationAndAmortization": 1872000000,
    "ebitda": 7474000000,
    "ebitdaratio": 0.2712590281,
    "operatingIncome": 6335000000,
    "operatingIncomeRatio": 0.2299205168,
    "totalOtherIncomeExpensesNet": 124000000,
    "incomeBeforeTax": 4618000000,
    "incomeBeforeTaxRatio": 0.1676042536,
    "incomeTaxExpense": 1231000000,
    "netIncome": 3337000000,
    "netIncomeRatio": 0.1211120386,
    "eps": 2.8,
    "epsdiluted": 2.8,
    "weightedAverageShsOut": 1194000000,
    "weightedAverageShsOutDil": 1194000000,
    "link": "https://www.bundesanzeiger.de/pub/de/suche;wwwsid=627BFD7A56A5CB624C47FDDEAB2FC509.web07-pub?0",
    "finalLink": "https://www.bundesanzeiger.de/pub/de/suche;wwwsid=627BFD7A56A5CB624C47FDDEAB2FC509.web07-pub?0"
  },
  {
    "date": "2018-12-31",
    "symbol": "SAP",
    "reportedCurrency": "EUR",
    "cik": "0000000000",
    "fillingDate": "2018-12-31",
    "acceptedDate": "2018-12-30 19:00:00",
    "calendarYear": "2018",
    "period": "FY",
    "revenue": 24708000000,
    "costOfRevenue": 7462000000,
    "grossProfit": 17246000000,
    "grossProfitRatio": 0.697992553,
    "researchAndDevelopmentExpenses": 3624000000,
    "generalAndAdministrativeExpenses": 1098000000,
    "sellingAndMarketingExpenses": 6781000000,
    "sellingGeneralAndAdministrativeExpenses": 7879000000,
    "otherExpenses": -469000000,
    "operatingExpenses": 11523000000,
    "costAndExpenses": 18985000000,
    "interestIncome": 371000000,
    "interestExpense": 418000000,
    "depreciationAndAmortization": 1362000000,
    "ebitda": 7084000000,
    "ebitdaratio": 0.2867087583,
    "operatingIncome": 5703000000,
    "operatingIncomeRatio": 0.2308159301,
    "totalOtherIncomeExpensesNet": -103000000,
    "incomeBeforeTax": 5600000000,
    "incomeBeforeTaxRatio": 0.2266472398,
    "incomeTaxExpense": 1511000000,
    "netIncome": 4083000000,
    "netIncomeRatio": 0.1652501214,
    "eps": 3.42,
    "epsdiluted": 3.42,
    "weightedAverageShsOut": 1194000000,
    "weightedAverageShsOutDil": 1194000000,
    "link": "https://www.bundesanzeiger.de/pub/de/suche;wwwsid=627BFD7A56A5CB624C47FDDEAB2FC509.web07-pub?0",
    "finalLink": "https://www.bundesanzeiger.de/pub/de/suche;wwwsid=627BFD7A56A5CB624C47FDDEAB2FC509.web07-pub?0"
  },
  {
    "date": "2017-12-31",
    "symbol": "SAP",
    "reportedCurrency": "EUR",
    "cik": "0000000000",
    "fillingDate": "2017-12-31",
    "acceptedDate": "2017-12-30 19:00:00",
    "calendarYear": "2017",
    "period": "FY",
    "revenue": 23460000000,
    "costOfRevenue": 7051000000,
    "grossProfit": 16409000000,
    "grossProfitRatio": 0.6994458653,
    "researchAndDevelopmentExpenses": 3352000000,
    "generalAndAdministrativeExpenses": 1075000000,
    "sellingAndMarketingExpenses": 6924000000,
    "sellingGeneralAndAdministrativeExpenses": 7999000000,
    "otherExpenses": -36000000,
    "operatingExpenses": 11350000000,
    "costAndExpenses": 18401000000,
    "interestIncome": 463000000,
    "interestExpense": 278000000,
    "depreciationAndAmortization": 1272000000,
    "ebitda": 6331000000,
    "ebitdaratio": 0.2698635976,
    "operatingIncome": 4877000000,
    "operatingIncomeRatio": 0.207885763,
    "totalOtherIncomeExpensesNet": 152000000,
    "incomeBeforeTax": 5026000000,
    "incomeBeforeTaxRatio": 0.2142369991,
    "incomeTaxExpense": 970000000,
    "netIncome": 4018000000,
    "netIncomeRatio": 0.1712702472,
    "eps": 3.36,
    "epsdiluted": 3.35,
    "weightedAverageShsOut": 1197000000,
    "weightedAverageShsOutDil": 1198000000,
    "link": "https://www.bundesanzeiger.de/pub/de/suche;wwwsid=627BFD7A56A5CB624C47FDDEAB2FC509.web07-pub?0",
    "finalLink": "https://www.bundesanzeiger.de/pub/de/suche;wwwsid=627BFD7A56A5CB624C47FDDEAB2FC509.web07-pub?0"
  },
  {
    "date": "2016-12-31",
    "symbol": "SAP",
    "reportedCurrency": "EUR",
    "cik": "0000000000",
    "fillingDate": "2016-12-31",
    "acceptedDate": "2016-12-30 19:00:00",
    "calendarYear": "2016",
    "period": "FY",
    "revenue": 22062000000,
    "costOfRevenue": 6570000000,
    "grossProfit": 15492000000,
    "grossProfitRatio": 0.7022028828,
    "researchAndDevelopmentExpenses": 3041000000,
    "generalAndAdministrativeExpenses": 1005000000,
    "sellingAndMarketingExpenses": 6294000000,
    "sellingGeneralAndAdministrativeExpenses": 7299000000,
    "otherExpenses": -234000000,
    "operatingExpenses": 10344000000,
    "costAndExpenses": 16914000000,
    "interestIncome": 230000000,
    "interestExpense": 268000000,
    "depreciationAndAmortization": 1268000000,
    "ebitda": 6429000000,
    "ebitdaratio": 0.2914060375,
    "operatingIncome": 5121000000,
    "operatingIncomeRatio": 0.2321185749,
    "totalOtherIncomeExpensesNet": -249000000,
    "incomeBeforeTax": 4849000000,
    "incomeBeforeTaxRatio": 0.2197896836,
    "incomeTaxExpense": 1230000000,
    "netIncome": 3631000000,
    "netIncomeRatio": 0.1645816336,
    "eps": 3.03,
    "epsdiluted": 3.03,
    "weightedAverageShsOut": 1198000000,
    "weightedAverageShsOutDil": 1199000000,
    "link": "https://www.bundesanzeiger.de/pub/de/suche;wwwsid=627BFD7A56A5CB624C47FDDEAB2FC509.web07-pub?0",
    "finalLink": "https://www.bundesanzeiger.de/pub/de/suche;wwwsid=627BFD7A56A5CB624C47FDDEAB2FC509.web07-pub?0"
  },
  {
    "date": "2015-12-31",
    "symbol": "SAP",
    "reportedCurrency": "EUR",
    "cik": "0000000000",
    "fillingDate": "2015-12-31",
    "acceptedDate": "2015-12-30 19:00:00",
    "calendarYear": "2015",
    "period": "FY",
    "revenue": 20793000000,
    "costOfRevenue": 6626000000,
    "grossProfit": 14167000000,
    "grossProfitRatio": 0.6813350647,
    "researchAndDevelopmentExpenses": 2845000000,
    "generalAndAdministrativeExpenses": 1048000000,
    "sellingAndMarketingExpenses": 5401000000,
    "sellingGeneralAndAdministrativeExpenses": 6449000000,
    "otherExpenses": -26000000,
    "operatingExpenses": 9293000000,
    "costAndExpenses": 15919000000,
    "interestIncome": 241000000,
    "interestExpense": 246000000,
    "depreciationAndAmortization": 1289000000,
    "ebitda": 6163000000,
    "ebitdaratio": 0.2963978262,
    "operatingIncome": 4252000000,
    "operatingIncomeRatio": 0.2044918963,
    "totalOtherIncomeExpensesNet": -261000000,
    "incomeBeforeTax": 3991000000,
    "incomeBeforeTaxRatio": 0.1919395951,
    "incomeTaxExpense": 935000000,
    "netIncome": 3064000000,
    "netIncomeRatio": 0.1473572837,
    "eps": 2.56,
    "epsdiluted": 2.56,
    "weightedAverageShsOut": 1197000000,
    "weightedAverageShsOutDil": 1198000000,
    "link": "https://www.bundesanzeiger.de/pub/de/suche;wwwsid=627BFD7A56A5CB624C47FDDEAB2FC509.web07-pub?0",
    "finalLink": "https://www.bundesanzeiger.de/pub/de/suche;wwwsid=627BFD7A56A5CB624C47FDDEAB2FC509.web07-pub?0"
  }
]