[
  {
    "date": "2024-12-31",
    "symbol": "SAP",
    "reportedCurrency": "EUR",
    "cik": "0000000000",
    "fillingDate": "2025-02-27",
    "acceptedDate": "2025-02-27 08:00:02",
    "calendarYear": "2024",
    "period": "Q4",
    "revenue": 9377000000,
    "costOfRevenue": 2435000000,
    "grossProfit": 6942000000,
    "grossProfitRatio": 0.7403220646,
    "researchAndDevelopmentExpenses": 1675000000,
    "generalAndAdministrativeExpenses": 378000000,
    "sellingAndMarketingExpenses": 2496000000,
    "sellingGeneralAndAdministrativeExpenses": 2874000000,
    "otherExpenses": 376000000,
    "operatingExpenses": 4925000000,
    "costAndExpenses": 7360000000,
    "interestIncome": 578000000,
    "interestExpense": 305000000,
    "depreciationAndAmortization": 337000000,
    "ebitda": 2245000000,
    "ebitdaratio": 0.2394155913,
    "operatingIncome": 2017000000,
    "operatingIncomeRatio": 0.2151007785,
    "totalOtherIncomeExpensesNet": 190000000,
    "incomeBeforeTax": 2207000000,
    "incomeBeforeTaxRatio": 0.2353631225,
    "incomeTaxExpense": 591000000,
    "netIncome": 1601000000,
    "netIncomeRatio": 0.1707369095,
    "eps": 1.37,
    "epsdiluted": 1.36,
    "weightedAverageShsOut": 1165000000,
    "weightedAverageShsOutDil": 1176000000,
    "link": "https://www.sec.gov/Archives/edgar/data/1000184/000110465925017815/0001104659-25-017815-index.htm",
    "finalLink": "https://www.sec.gov/Archives/edgar/data/1000184/000110465925017815/sap-20241224x20f.htm"
  },
  {
    "date": "2024-09-30",
    "symbol": "SAP",
    "reportedCurrency": "EUR",
    "cik": "0000000000",
    "fillingDate": "2024-09-30",
    "acceptedDate": "2024-09-28 20:00:00",
    "calendarYear": "2024",
    "period": "Q3",
    "revenue": 8470000000,
    "costOfRevenue": 2258000000,
    "grossProfit": 6212000000,
    "grossProfitRatio": 0.7334120425,
    "researchAndDevelopmentExpenses": 1568000000,
    "generalAndAdministrativeExpenses": 361000000,
    "sellingAndMarketingExpenses": 2098000000,
    "sellingGeneralAndAdministrativeExpenses": 2459000000,
    "otherExpenses": -29000000,
    "operatingExpenses": 3998000000,
    "costAndExpenses": 6256000000,
    "interestIncome": 240000000,
    "interestExpense": 241000000,
    "depreciationAndAmortization": 317000000,
    "ebitda": 2710000000,
    "ebitdaratio": 0.3199527745,
    "operatingIncome": 2214000000,
    "operatingIncomeRatio": 0.2613931523,
    "totalOtherIncomeExpensesNet": -63000000,
    "incomeBeforeTax": 2151000000,
    "incomeBeforeTaxRatio": 0.2539551358,
    "incomeTaxExpense": 710000000,
    "netIncome": 1463000000,
    "netIncomeRatio": 0.1727272727,
    "eps": 1.25,
    "epsdiluted": 1.24,
    "weightedAverageShsOut": 1166000000,
    "weightedAverageShsOutDil": 1178000000,
    "link": "https://www.bundesanzeiger.de/pub/de/suche;wwwsid=627BFD7A56A5CB624C47FDDEAB2FC509.web07-pub?0",
    "finalLink": "https://www.bundesanzeiger.de/pub/de/suche;wwwsid=627BFD7A56A5CB624C47FDDEAB2FC509.web07-pub?0"
  },
  {
    "date": "2024-06-30",
    "symbol": "SAP",
    "reportedCurrency": "EUR",
    "cik": "0000000000",
    "fillingDate": "2024-06-30",
    "acceptedDate": "2024-06-28 20:00:00",
    "calendarYear": "2024",
    "period": "Q2",
    "revenue": 8288000000,
    "costOfRevenue": 2258000000,
    "grossProfit": 6030000000,
    "grossProfitRatio": 0.7275579151,
    "researchAndDevelopmentExpenses": 1604000000,
    "generalAndAdministrativeExpenses": 336000000,
    "sellingAndMarketingExpenses": 2217000000,
    "sellingGeneralAndAdministrativeExpenses": 2481000000,
    "otherExpenses": -5000000,
    "operatingExpenses": 4085000000,
    "costAndExpenses": 6343000000,
    "interestIncome": 412000000,
    "interestExpense": 242000000,
    "depreciationAndAmortization": 313000000,
    "ebitda": 2254000000,
    "ebitdaratio": 0.2719594595,
    "operatingIncome": 1945000000,
    "operatingIncomeRatio": 0.2346766409,
    "totalOtherIncomeExpensesNet": 166000000,
    "incomeBeforeTax": 1387000000,
    "incomeBeforeTaxRatio": 0.1673503861,
    "incomeTaxExpense": 469000000,
    "netIncome": 888000000,
    "netIncomeRatio": 0.1071428571,
    "eps": 0.76,
    "epsdiluted": 0.75,
    "weightedAverageShsOut": 1166000000,
    "weightedAverageShsOutDil": 1169000000,
    "link": "https://www.bundesanzeiger.de/pub/de/suche;wwwsid=627BFD7A56A5CB624C47FDDEAB2FC509.web07-pub?0",
    "finalLink": "https://www.bundesanzeiger.de/pub/de/suche;wwwsid=627BFD7A56A5CB624C47FDDEAB2FC509.web07-pub?0"
  },
  {
    "date": "2024-03-31",
    "symbol": "SAP",
    "reportedCurrency": "EUR",
    "cik": "0000000000",
    "fillingDate": "2024-03-31",
    "acceptedDate": "2024-03-30 20:00:00",
    "calendarYear": "2024",
    "period": "Q1",
    "revenue": 8041000000,
    "costOfRevenue": 2279000000,
    "grossProfit": 5762000000,
    "grossProfitRatio": 0.7165775401,
    "researchAndDevelopmentExpenses": 1665000000,
    "generalAndAdministrativeExpenses": 360000000,
    "sellingAndMarketingExpenses": 2278000000,
    "sellingGeneralAndAdministrativeExpenses": 2638000000,
    "otherExpenses": -6549000000,
    "operatingExpenses": 6549000000,
    "costAndExpenses": 8828000000,
    "interestIncome": 199000000,
    "interestExpense": 244000000,
    "depreciationAndAmortization": 313000000,
    "ebitda": -423000000,
    "ebitdaratio": -0.0526053973,
    "operatingIncome": -787000000,
    "operatingIncomeRatio": -0.0978733988,
    "totalOtherIncomeExpensesNet": -1767000000,
    "incomeBeforeTax": -980000000,
    "incomeBeforeTaxRatio": -0.1218753886,
    "incomeTaxExpense": -157000000,
    "netIncome": -828000000,
    "netIncomeRatio": -0.1029722671,
    "eps": -0.71,
    "epsdiluted": -0.71,
    "weightedAverageShsOut": 1167000000,
    "weightedAverageShsOutDil": 1179000000,
    "link": "https://www.bundesanzeiger.de/pub/de/suche;wwwsid=627BFD7A56A5CB624C47FDDEAB2FC509.web07-pub?0",
    "finalLink": "https://www.bundesanzeiger.de/pub/de/suche;wwwsid=627BFD7A56A5CB624C47FDDEAB2FC509.web07-pub?0"
  },
  {
    "date": "2023-12-31",
    "symbol": "SAP",
    "reportedCurrency": "EUR",
    "cik": "0000000000",
    "fillingDate": "2023-12-31",
    "acceptedDate": "2023-12-30 19:00:00",
    "calendarYear": "2023",
    "period": "Q4",
    "revenue": 8468000000,
    "costOfRevenue": 2260000000,
    "grossProfit": 6208000000,
    "grossProfitRatio": 0.7331128956,
    "researchAndDevelopmentExpenses": 1667000000,
    "generalAndAdministrativeExpenses": 367000000,
    "sellingAndMarketingExpenses": 2266000000,
    "sellingGeneralAndAdministrativeExpenses": 2556000000,
    "otherExpenses": -45000000,
    "operatingExpenses": 4223000000,
    "costAndExpenses": 6483000000,
    "interestIncome": 143000000,
    "interestExpense": 195000000,
    "depreciationAndAmortization": 331000000,
    "ebitda": 2467000000,
    "ebitdaratio": 0.2913320737,
    "operatingIncome": 1985000000,
    "operatingIncomeRatio": 0.2344119036,
    "totalOtherIncomeExpensesNet": -93000000,
    "incomeBeforeTax": 1761000000,
    "incomeBeforeTaxRatio": 0.2079593765,
    "incomeTaxExpense": 595000000,
    "netIncome": 1313000000,
    "netIncomeRatio": 0.1550543222,
    "eps": 1.02,
    "epsdiluted": 1.01,
    "weightedAverageShsOut": 1166000000,
    "weightedAverageShsOutDil": 1178000000,
    "link": "https://www.bundesanzeiger.de/pub/de/suche;wwwsid=627BFD7A56A5CB624C47FDDEAB2FC509.web07-pub?0",
    "finalLink": "https://www.bundesanzeiger.de/pub/de/suche;wwwsid=627BFD7A56A5CB624C47FDDEAB2FC509.web07-pub?0"
  },
  {
    "date": "2023-09-30",
    "symbol": "SAP",
    "reportedCurrency": "EUR",
    "cik": "0000000000",
    "fillingDate": "2023-09-30",
    "acceptedDate": "2023-09-29 20:00:00",
    "calendarYear": "2023",
    "period": "Q3",
    "revenue": 7744000000,
    "costOfRevenue": 2108000000,
    "grossProfit": 5636000000,
    "grossProfitRatio": 0.7277892562,
    "researchAndDevelopmentExpenses": 1515000000,
    "generalAndAdministrativeExpenses": 327000000,
    "sellingAndMarketingExpenses": 2105000000,
    "sellingGeneralAndAdministrativeExpenses": 2432000000,
    "otherExpenses": 112000000,
    "operatingExpenses": 3949000000,
    "costAndExpenses": 6057000000,
    "interestIncome": 204000000,
    "interestExpense": 279000000,
    "depreciationAndAmortization": 328000000,
    "ebitda": 2096000000,
    "ebitdaratio": 0.270661157,
    "operatingIncome": 1724000000,
    "operatingIncomeRatio": 0.2226239669,
    "totalOtherIncomeExpensesNet": 37000000,
    "incomeBeforeTax": 1761000000,
    "incomeBeforeTaxRatio": 0.2274018595,
    "incomeTaxExpense": 489000000,
    "netIncome": 1278000000,
    "netIncomeRatio": 0.1650309917,
    "eps": 1.09,
    "epsdiluted": 1.08,
    "weightedAverageShsOut": 1168000000,
    "weightedAverageShsOutDil": 1180000000,
    "link": "https://www.bundesanzeiger.de/pub/de/suche;wwwsid=627BFD7A56A5CB624C47FDDEAB2FC509.web07-pub?0",
    "finalLink": "https://www.bundesanzeiger.de/pub/de/suche;wwwsid=627BFD7A56A5CB624C47FDDEAB2FC509.web07-pub?0"
  },
  {
    "date": "2023-06-30",
    "symbol": "SAP",
    "reportedCurrency": "EUR",
    "cik": "0000000000",
    "fillingDate": "2023-06-30",
    "acceptedDate": "2023-06-29 20:00:00",
    "calendarYear": "2023",
    "period": "Q2",
    "revenue": 7555000000,
    "costOfRevenue": 2145000000,
    "grossProfit": 5410000000,
    "grossProfitRatio": 0.7160820649,
    "researchAndDevelopmentExpenses": 1565000000,
    "generalAndAdministrativeExpenses": 322000000,
    "sellingAndMarketingExpenses": 2165000000,
    "sellingGeneralAndAdministrativeExpenses": 2487000000,
    "otherExpenses": 3000000,
    "operatingExpenses": 4055000000,
    "costAndExpenses": 6200000000,
    "interestIncome": 187000000,
    "interestExpense": 363000000,
    "depreciationAndAmortization": 349000000,
    "ebitda": 1802000000,
    "ebitdaratio": 0.2385175381,
    "operatingIncome": 1358000000,
    "operatingIncomeRatio": 0.1797485109,
    "totalOtherIncomeExpensesNet": -278000000,
    "incomeBeforeTax": 1093000000,
    "incomeBeforeTaxRatio": 0.1446724024,
    "incomeTaxExpense": 369000000,
    "netIncome": 3161000000,
    "netIncomeRatio": 0.4183984116,
    "eps": 2.7,
    "epsdiluted": 2.68,
    "weightedAverageShsOut": 1178000000,
    "weightedAverageShsOutDil": 1180000000,
    "link": "https://www.bundesanzeiger.de/pub/de/suche;wwwsid=627BFD7A56A5CB624C47FDDEAB2FC509.web07-pub?0",
    "finalLink": "https://www.bundesanzeiger.de/pub/de/suche;wwwsid=627BFD7A56A5CB624C47FDDEAB2FC509.web07-pub?0"
  },
  {
    "date": "2023-03-31",
    "symbol": "SAP",
    "reportedCurrency": "EUR",
    "cik": "0000000000",
    "fillingDate": "2023-03-31",
    "acceptedDate": "2023-03-30 20:00:00",
    "calendarYear": "2023",
    "period": "Q1",
    "revenue": 7441000000,
    "costOfRevenue": 2156000000,
    "grossProfit": 5285000000,
    "grossProfitRatio": 0.7102539981,
    "researchAndDevelopmentExpenses": 1573000000,
    "generalAndAdministrativeExpenses": 348000000,
    "sellingAndMarketingExpenses": 2291000000,
    "sellingGeneralAndAdministrativeExpenses": 2639000000,
    "otherExpenses": 8000000,
    "operatingExpenses": 4220000000,
    "costAndExpenses": 6376000000,
    "interestIncome": 182000000,
    "interestExpense": 293000000,
    "depreciationAndAmortization": 365000000,
    "ebitda": 1519000000,
    "ebitdaratio": 0.2041392286,
    "operatingIncome": 1230000000,
    "operatingIncomeRatio": 0.1653003629,
    "totalOtherIncomeExpensesNet": -126000000,
    "incomeBeforeTax": 677000000,
    "incomeBeforeTaxRatio": 0.0909823948,
    "incomeTaxExpense": 274000000,
    "netIncome": 407000000,
    "netIncomeRatio": 0.0546969493,
    "eps": 0.41,
    "epsdiluted": 0.41,
    "weightedAverageShsOut": 1167000000,
    "weightedAverageShsOutDil": 1174000000,
    "link": "https://www.bundesanzeiger.de/pub/de/suche;wwwsid=627BFD7A56A5CB624C47FDDEAB2FC509.web07-pub?0",
    "finalLink": "https://www.bundesanzeiger.de/pub/de/suche;wwwsid=627BFD7A56A5CB624C47FDDEAB2FC509.web07-pub?0"
  },
  {
    "date": "2022-12-31",
    "symbol": "SAP",
    "reportedCurrency": "EUR",
    "cik": "0000000000",
    "fillingDate": "2022-12-31",
    "acceptedDate": "2022-12-30 19:00:00",
    "calendarYear": "2022",
    "period": "Q4",
    "revenue": 8436000000,
    "costOfRevenue": 2372000000,
    "grossProfit": 6064000000,
    "grossProfitRatio": 0.7188240872,
    "researchAndDevelopmentExpenses": 1621000000,
    "generalAndAdministrativeExpenses": 517000000,
    "sellingAndMarketingExpenses": 2356000000,
    "sellingGeneralAndAdministrativeExpenses": 2873000000,
    "otherExpenses": -164000000,
    "operatingExpenses": 4330000000,
    "costAndExpenses": 6702000000,
    "interestIncome": 133000000,
    "interestExpense": 1013000000,
    "depreciationAndAmortization": 471000000,
    "ebitda": 2360000000,
    "ebitdaratio": 0.2797534376,
    "operatingIncome": 1328000000,
    "operatingIncomeRatio": 0.1574205785,
    "totalOtherIncomeExpensesNet": -984000000,
    "incomeBeforeTax": 759000000,
    "incomeBeforeTaxRatio": 0.0899715505,
    "incomeTaxExpense": 427000000,
    "netIncome": 541000000,
    "netIncomeRatio": 0.0641299194,
    "eps": 0.47,
    "epsdiluted": 0.47,
    "weightedAverageShsOut": 1166000000,
    "weightedAverageShsOutDil": 1172000000,
    "link": "https://www.bundesanzeiger.de/pub/de/suche;wwwsid=627BFD7A56A5CB624C47FDDEAB2FC509.web07-pub?0",
    "finalLink": "https://www.bundesanzeiger.de/pub/de/suche;wwwsid=627BFD7A56A5CB624C47FDDEAB2FC509.web07-pub?0"
  },
  {
    "date": "2022-09-30",
    "symbol": "SAP",
    "reportedCurrency": "EUR",
    "cik": "0000000000",
    "fillingDate": "2022-09-30",
    "acceptedDate": "2022-09-29 20:00:00",
    "calendarYear": "2022",
    "period": "Q3",
    "revenue": 7841000000,
    "costOfRevenue": 2266000000,
    "grossProfit": 5575000000,
    "grossProfitRatio": 0.7110062492,
    "researchAndDevelopmentExpenses": 1574000000,
    "generalAndAdministrativeExpenses": 521000000,
    "sellingAndMarketingExpenses": 2257000000,
    "sellingGeneralAndAdministrativeExpenses": 2778000000,
    "otherExpenses": -8000000,
    "operatingExpenses": 4344000000,
    "costAndExpenses": 6610000000,
    "interestIncome": 166000000,
    "interestExpense": 497000000,
    "depreciationAndAmortization": 492000000,
    "ebitda": 1442000000,
    "ebitdaratio": 0.1839051141,
    "operatingIncome": 1239000000,
    "operatingIncomeRatio": 0.1580155592,
    "totalOtherIncomeExpensesNet": -69000000,
    "incomeBeforeTax": 850000000,
    "incomeBeforeTaxRatio": 0.1084045402,
    "incomeTaxExpense": 304000000,
    "netIncome": 669000000,
    "netIncomeRatio": 0.0853207499,
    "eps": 0.57,
    "epsdiluted": 0.57,
    "weightedAverageShsOut": 1168000000,
    "weightedAverageShsOutDil": 1173000000,
    "link": "https://www.bundesanzeiger.de/pub/de/suche;wwwsid=627BFD7A56A5CB624C47FDDEAB2FC509.web07-pub?0",
    "finalLink": "https://www.bundesanzeiger.de/pub/de/suche;wwwsid=627BFD7A56A5CB624C47FDDEAB2FC509.web07-pub?0"
  },
  {
    "date": "2022-06-30",
    "symbol": "SAP",
    "reportedCurrency": "EUR",
    "cik": "0000000000",
    "fillingDate": "2022-06-30",
    "acceptedDate": "2022-06-29 20:00:00",
    "calendarYear": "2022",
    "period": "Q2",
    "revenue": 7516000000,
    "costOfRevenue": 2199000000,
    "grossProfit": 5317000000,
    "grossProfitRatio": 0.7074241618,
    "researchAndDevelopmentExpenses": 1545000000,
    "generalAndAdministrativeExpenses": 530000000,
    "sellingAndMarketingExpenses": 2343000000,
    "sellingGeneralAndAdministrativeExpenses": 2873000000,
    "otherExpenses": 98000000,
    "operatingExpenses": 4516000000,
    "costAndExpenses": 6715000000,
    "interestIncome": 178000000,
    "interestExpense": 297000000,
    "depreciationAndAmortization": 473000000,
    "ebitda": 1083000000,
    "ebitdaratio": 0.1440926024,
    "operatingIncome": 965000000,
    "operatingIncomeRatio": 0.1283927621,
    "totalOtherIncomeExpensesNet": -35000000,
    "incomeBeforeTax": 538000000,
    "incomeBeforeTaxRatio": 0.071580628,
    "incomeTaxExpense": 335000000,
    "netIncome": 334000000,
    "netIncomeRatio": 0.0444385311,
    "eps": 0.29,
    "epsdiluted": 0.28,
    "weightedAverageShsOut": 1171000000,
    "weightedAverageShsOutDil": 1174000000,
    "link": "https://www.bundesanzeiger.de/pub/de/suche;wwwsid=627BFD7A56A5CB624C47FDDEAB2FC509.web07-pub?0",
    "finalLink": "https://www.bundesanzeiger.de/pub/de/suche;wwwsid=627BFD7A56A5CB624C47FDDEAB2FC509.web07-pub?0"
  },
  {
    "date": "2022-03-31",
    "symbol": "SAP",
    "reportedCurrency": "EUR",
    "cik": "0000000000",
    "fillingDate": "2022-03-31",
    "acceptedDate": "2022-03-30 20:00:00",
    "calendarYear": "2022",
    "period": "Q1",
    "revenue": 7077000000,
    "costOfRevenue": 2099000000,
    "grossProfit": 4978000000,
    "grossProfitRatio": 0.7034053978,
    "researchAndDevelopmentExpenses": 1425000000,
    "generalAndAdministrativeExpenses": 504000000,
    "sellingAndMarketingExpenses": 1987000000,
    "sellingGeneralAndAdministrativeExpenses": 2491000000,
    "otherExpenses": 20000000,
    "operatingExpenses": 3936000000,
    "costAndExpenses": 6035000000,
    "interestIncome": 342000000,
    "interestExpense": 398000000,
    "depreciationAndAmortization": 460000000,
    "ebitda": 1484000000,
    "ebitdaratio": 0.2096933729,
    "operatingIncome": 1053000000,
    "operatingIncomeRatio": 0.148791861,
    "totalOtherIncomeExpensesNet": -108000000,
    "incomeBeforeTax": 945000000,
    "incomeBeforeTaxRatio": 0.1335311573,
    "incomeTaxExpense": 313000000,
    "netIncome": 740000000,
    "netIncomeRatio": 0.1045640808,
    "eps": 0.63,
    "epsdiluted": 0.63,
    "weightedAverageShsOut": 1177000000,
    "weightedAverageShsOutDil": 1178000000,
    "link": "https://www.bundesanzeiger.de/pub/de/suche;wwwsid=627BFD7A56A5CB624C47FDDEAB2FC509.web07-pub?0",
    "finalLink": "https://www.bundesanzeiger.de/pub/de/suche;wwwsid=627BFD7A56A5CB624C47FDDEAB2FC509.web07-pub?0"
  },
  {
    "date": "2021-12-31",
    "symbol": "SAP",
    "reportedCurrency": "EUR",
    "cik": "0000000000",
    "fillingDate": "2021-12-31",
    "acceptedDate": "2021-12-30 19:00:00",
    "calendarYear": "2021",
    "period": "Q4",
    "revenue": 7980000000,
    "costOfRevenue": 2158000000,
    "grossProfit": 5822000000,
    "grossProfitRatio": 0.7295739348,
    "researchAndDevelopmentExpenses": 1412000000,
    "generalAndAdministrativeExpenses": 757000000,
    "sellingAndMarketingExpenses": 2169000000,
    "sellingGeneralAndAdministrativeExpenses": 2926000000,
    "otherExpenses": -78000000,
    "operatingExpenses": 4353000000,
    "costAndExpenses": 6511000000,
    "interestIncome": 858000000,
    "interestExpense": 335000000,
    "depreciationAndAmortization": 467000000,
    "ebitda": 2025000000,
    "ebitdaratio": 0.2537593985,
    "operatingIncome": 1470000000,
    "operatingIncomeRatio": 0.1842105263,
    "totalOtherIncomeExpensesNet": 488000000,
    "incomeBeforeTax": 1957000000,
    "incomeBeforeTaxRatio": 0.2452380952,
    "incomeTaxExpense": 517000000,
    "netIncome": 1450000000,
    "netIncomeRatio": 0.1817042607,
    "eps": 1.23,
    "epsdiluted": 1.23,
    "weightedAverageShsOut": 1179579340,
    "weightedAverageShsOutDil": 1179579340,
    "link": "https://www.bundesanzeiger.de/pub/de/suche;wwwsid=627BFD7A56A5CB624C47FDDEAB2FC509.web07-pub?0",
    "finalLink": "https://www.bundesanzeiger.de/pub/de/suche;wwwsid=627BFD7A56A5CB624C47FDDEAB2FC509.web07-pub?0"
  },
  {
    "date": "2021-09-30",
    "symbol": "SAP",
    "reportedCurrency": "EUR",
    "cik": "0000000000",
    "fillingDate": "2021-09-30",
    "acceptedDate": "2021-09-29 20:00:00",
    "calendarYear": "2021",
    "period": "Q3",
    "revenue": 6845000000,
    "costOfRevenue": 1958000000,
    "grossProfit": 4887000000,
    "grossProfitRatio": 0.7139517896,
    "researchAndDevelopmentExpenses": 1300000000,
    "generalAndAdministrativeExpenses": 576000000,
    "sellingAndMarketingExpenses": 1845000000,
    "sellingGeneralAndAdministrativeExpenses": 2421000000,
    "otherExpenses": 16000000,
    "operatingExpenses": 3651000000,
    "costAndExpenses": 5609000000,
    "interestIncome": 716000000,
    "interestExpense": 233000000,
    "depreciationAndAmortization": 437000000,
    "ebitda": 1833000000,
    "ebitdaratio": 0.2677867056,
    "operatingIncome": 1249000000,
    "operatingIncomeRatio": 0.1824689554,
    "totalOtherIncomeExpensesNet": 500000000,
    "incomeBeforeTax": 1749000000,
    "incomeBeforeTaxRatio": 0.2555149744,
    "incomeTaxExpense": 331000000,
    "netIncome": 1406000000,
    "netIncomeRatio": 0.2054054054,
    "eps": 1.19,
    "epsdiluted": 1.19,
    "weightedAverageShsOut": 1180000000,
    "weightedAverageShsOutDil": 1180000000,
    "link": "https://www.bundesanzeiger.de/pub/de/suche;wwwsid=627BFD7A56A5CB624C47FDDEAB2FC509.web07-pub?0",
    "finalLink": "https://www.bundesanzeiger.de/pub/de/suche;wwwsid=627BFD7A56A5CB624C47FDDEAB2FC509.web07-pub?0"
  },
  {
    "date": "2021-06-30",
    "symbol": "SAP",
    "reportedCurrency": "EUR",
    "cik": "0000000000",
    "fillingDate": "2021-06-30",
    "acceptedDate": "2021-06-29 20:00:00",
    "calendarYear": "2021",
    "period": "Q2",
    "revenue": 6670000000,
    "costOfRevenue": 1946000000,
    "grossProfit": 4724000000,
    "grossProfitRatio": 0.7082458771,
    "researchAndDevelopmentExpenses": 1306000000,
    "generalAndAdministrativeExpenses": 593000000,
    "sellingAndMarketingExpenses": 1828000000,
    "sellingGeneralAndAdministrativeExpenses": 2421000000,
    "otherExpenses": -33000000,
    "operatingExpenses": 3732000000,
    "costAndExpenses": 5678000000,
    "interestIncome": 1002000000,
    "interestExpense": 149000000,
    "depreciationAndAmortization": 435000000,
    "ebitda": 1572000000,
    "ebitdaratio": 0.2356821589,
    "operatingIncome": 984000000,
    "operatingIncomeRatio": 0.1475262369,
    "totalOtherIncomeExpensesNet": 820000000,
    "incomeBeforeTax": 1804000000,
    "incomeBeforeTaxRatio": 0.2704647676,
    "incomeTaxExpense": 355000000,
    "netIncome": 1356000000,
    "netIncomeRatio": 0.2032983508,
    "eps": 1.15,
    "epsdiluted": 1.15,
    "weightedAverageShsOut": 1179600000,
    "weightedAverageShsOutDil": 1180000000,
    "link": "https://www.bundesanzeiger.de/pub/de/suche;wwwsid=627BFD7A56A5CB624C47FDDEAB2FC509.web07-pub?0",
    "finalLink": "https://www.bundesanzeiger.de/pub/de/suche;wwwsid=627BFD7A56A5CB624C47FDDEAB2FC509.web07-pub?0"
  },
  {
    "date": "2021-03-31",
    "symbol": "SAP",
    "reportedCurrency": "EUR",
    "cik": "0000000000",
    "fillingDate": "2021-03-31",
    "acceptedDate": "2021-03-30 20:00:00",
    "calendarYear": "2021",
    "period": "Q1",
    "revenue": 6350000000,
    "costOfRevenue": 1884000000,
    "grossProfit": 4466000000,
    "grossProfitRatio": 0.7033070866,
    "researchAndDevelopmentExpenses": 1171000000,
    "generalAndAdministrativeExpenses": 505000000,
    "sellingAndMarketingExpenses": 1663000000,
    "sellingGeneralAndAdministrativeExpenses": 2168000000,
    "otherExpenses": 62000000,
    "operatingExpenses": 3346000000,
    "costAndExpenses": 5230000000,
    "interestIncome": 547000000,
    "interestExpense": 232000000,
    "depreciationAndAmortization": 436000000,
    "ebitda": 1703000000,
    "ebitdaratio": 0.2681889764,
    "operatingIncome": 960000000,
    "operatingIncomeRatio": 0.1511811024,
    "totalOtherIncomeExpensesNet": 377000000,
    "incomeBeforeTax": 1337000000,
    "incomeBeforeTaxRatio": 0.2105511811,
    "incomeTaxExpense": 267000000,
    "netIncome": 1070000000,
    "netIncomeRatio": 0.168503937,
    "eps": 0.88,
    "epsdiluted": 0.88,
    "weightedAverageShsOut": 1181818181,
    "weightedAverageShsOutDil": 1215909091,
    "link": "https://www.bundesanzeiger.de/pub/de/suche;wwwsid=627BFD7A56A5CB624C47FDDEAB2FC509.web07-pub?0",
    "finalLink": "https://www.bundesanzeiger.de/pub/de/suche;wwwsid=627BFD7A56A5CB624C47FDDEAB2FC509.web07-pub?0"
  },
  {
    "date": "2020-12-31",
    "symbol": "SAP",
    "reportedCurrency": "EUR",
    "cik": "0000000000",
    "fillingDate": "2020-12-31",
    "acceptedDate": "2020-12-30 19:00:00",
    "calendarYear": "2020",
    "period": "Q4",
    "revenue": 7539000000,
    "costOfRevenue": 1903000000,
    "grossProfit": 5636000000,
    "grossProfitRatio": 0.7475792545,
    "researchAndDevelopmentExpenses": 1134000000,
    "generalAndAdministrativeExpenses": 281000000,
    "sellingAndMarketingExpenses": 1743000000,
    "sellingGeneralAndAdministrativeExpenses": 2024000000,
    "otherExpenses": -58000000,
    "operatingExpenses": 2987000000,
    "costAndExpenses": 4890000000,
    "interestIncome": 331000000,
    "interestExpense": 223000000,
    "depreciationAndAmortization": 462000000,
    "ebitda": 3083000000,
    "ebitdaratio": 0.4089401777,
    "operatingIncome": 2655000000,
    "operatingIncomeRatio": 0.3521687226,
    "totalOtherIncomeExpensesNet": 50000000,
    "incomeBeforeTax": 2705000000,
    "incomeBeforeTaxRatio": 0.358800902,
    "incomeTaxExpense": 773000000,
    "netIncome": 1906000000,
    "netIncomeRatio": 0.2528186762,
    "eps": 1.62,
    "epsdiluted": 1.62,
    "weightedAverageShsOut": 1182000000,
    "weightedAverageShsOutDil": 1182000000,
    "link": "https://www.bundesanzeiger.de/pub/de/suche;wwwsid=627BFD7A56A5CB624C47FDDEAB2FC509.web07-pub?0",
    "finalLink": "https://www.bundesanzeiger.de/pub/de/suche;wwwsid=627BFD7A56A5CB624C47FDDEAB2FC509.web07-pub?0"
  },
  {
    "date": "2020-09-30",
    "symbol": "SAP",
    "reportedCurrency": "EUR",
    "cik": "0000000000",
    "fillingDate": "2020-09-30",
    "acceptedDate": "2020-09-29 20:00:00",
    "calendarYear": "2020",
    "period": "Q3",
    "revenue": 6536000000,
    "costOfRevenue": 1890000000,
    "grossProfit": 4646000000,
    "grossProfitRatio": 0.7108323133,
    "researchAndDevelopmentExpenses": 1113000000,
    "generalAndAdministrativeExpenses": 345000000,
    "sellingAndMarketingExpenses": 1678000000,
    "sellingGeneralAndAdministrativeExpenses": 2023000000,
    "otherExpenses": -19000000,
    "operatingExpenses": 3182000000,
    "costAndExpenses": 5072000000,
    "interestIncome": 736000000,
    "interestExpense": 120000000,
    "depreciationAndAmortization": 444000000,
    "ebitda": 2061000000,
    "ebitdaratio": 0.3153304774,
    "operatingIncome": 1473000000,
    "operatingIncomeRatio": 0.2253671971,
    "totalOtherIncomeExpensesNet": 597000000,
    "incomeBeforeTax": 2070000000,
    "incomeBeforeTaxRatio": 0.3167074663,
    "incomeTaxExpense": 418000000,
    "netIncome": 1556000000,
    "netIncomeRatio": 0.2380660955,
    "eps": 1.32,
    "epsdiluted": 1.32,
    "weightedAverageShsOut": 1180000000,
    "weightedAverageShsOutDil": 1180000000,
    "link": "https://www.bundesanzeiger.de/pub/de/suche;wwwsid=627BFD7A56A5CB624C47FDDEAB2FC509.web07-pub?0",
    "finalLink": "https://www.bundesanzeiger.de/pub/de/suche;wwwsid=627BFD7A56A5CB624C47FDDEAB2FC509.web07-pub?0"
  },
  {
    "date": "2020-06-30",
    "symbol": "SAP",
    "reportedCurrency": "EUR",
    "cik": "0000000000",
    "fillingDate": "2020-06-30",
    "acceptedDate": "2020-06-29 20:00:00",
    "calendarYear": "2020",
    "period": "Q2",
    "revenue": 6743000000,
    "costOfRevenue": 2028000000,
    "grossProfit": 4715000000,
    "grossProfitRatio": 0.6992436601,
    "researchAndDevelopmentExpenses": 1159000000,
    "generalAndAdministrativeExpenses": 414000000,
    "sellingAndMarketingExpenses": 1833000000,
    "sellingGeneralAndAdministrativeExpenses": 2247000000,
    "otherExpenses": -54000000,
    "operatingExpenses": 3435000000,
    "costAndExpenses": 5463000000,
    "interestIncome": 243000000,
    "interestExpense": 151000000,
    "depreciationAndAmortization": 461000000,
    "ebitda": 1906000000,
    "ebitdaratio": 0.2826635029,
    "operatingIncome": 1284000000,
    "operatingIncomeRatio": 0.1904196945,
    "totalOtherIncomeExpensesNet": 38000000,
    "incomeBeforeTax": 1322000000,
    "incomeBeforeTaxRatio": 0.1960551683,
    "incomeTaxExpense": 437000000,
    "netIncome": 866000000,
    "netIncomeRatio": 0.1284294824,
    "eps": 0.73,
    "epsdiluted": 0.73,
    "weightedAverageShsOut": 1180000000,
    "weightedAverageShsOutDil": 1180000000,
    "link": "https://www.bundesanzeiger.de/pub/de/suche;wwwsid=627BFD7A56A5CB624C47FDDEAB2FC509.web07-pub?0",
    "finalLink": "https://www.bundesanzeiger.de/pub/de/suche;wwwsid=627BFD7A56A5CB624C47FDDEAB2FC509.web07-pub?0"
  },
  {
    "date": "2020-03-31",
    "symbol": "SAP",
    "reportedCurrency": "EUR",
    "cik": "0000000000",
    "fillingDate": "2020-03-31",
    "acceptedDate": "2020-03-30 20:00:00",
    "calendarYear": "2020",
    "period": "Q1",
    "revenue": 6521000000,
    "costOfRevenue": 2066000000,
    "grossProfit": 4455000000,
    "grossProfitRatio": 0.6831774268,
    "researchAndDevelopmentExpenses": 1051000000,
    "generalAndAdministrativeExpenses": 315000000,
    "sellingAndMarketingExpenses": 1851000000,
    "sellingGeneralAndAdministrativeExpenses": 2166000000,
    "otherExpenses": -49000000,
    "operatingExpenses": 3229000000,
    "costAndExpenses": 5295000000,
    "interestIncome": 163000000,
    "interestExpense": 203000000,
    "depreciationAndAmortization": 464000000,
    "ebitda": 1852000000,
    "ebitdaratio": 0.2840055206,
    "operatingIncome": 1210000000,
    "operatingIncomeRatio": 0.1855543628,
    "totalOtherIncomeExpensesNet": -88000000,
    "incomeBeforeTax": 1122000000,
    "incomeBeforeTaxRatio": 0.1720595001,
    "incomeTaxExpense": 310000000,
    "netIncome": 814000000,
    "netIncomeRatio": 0.1248274804,
    "eps": 0.68,
    "epsdiluted": 0.68,
    "weightedAverageShsOut": 1191000000,
    "weightedAverageShsOutDil": 1191000000,
    "link": "https://www.bundesanzeiger.de/pub/de/suche;wwwsid=627BFD7A56A5CB624C47FDDEAB2FC509.web07-pub?0",
    "finalLink": "https://www.bundesanzeiger.de/pub/de/suche;wwwsid=627BFD7A56A5CB624C47FDDEAB2FC509.web07-pub?0"
  }
]