[
  {
    "date": "2024-12-31",
    "symbol": "TMUS",
    "reportedCurrency": "USD",
    "cik": "0001283699",
    "fillingDate": "2025-01-31",
    "acceptedDate": "2025-01-31 16:04:31",
    "calendarYear": "2024",
    "period": "FY",
    "revenue": 81400000000,
    "costOfRevenue": 0,
    "grossProfit": 81400000000,
    "grossProfitRatio": 1,
    "researchAndDevelopmentExpenses": 0,
    "generalAndAdministrativeExpenses": 0,
    "sellingAndMarketingExpenses": 0,
    "sellingGeneralAndAdministrativeExpenses": 20818000000,
    "otherExpenses": 42572000000,
    "operatingExpenses": 63390000000,
    "costAndExpenses": 63390000000,
    "interestIncome": 0,
    "interestExpense": 3411000000,
    "depreciationAndAmortization": 12919000000,
    "ebitda": 31042000000,
    "ebitdaratio": 0.3813513514,
    "operatingIncome": 18010000000,
    "operatingIncomeRatio": 0.2212530713,
    "totalOtherIncomeExpensesNet": -3298000000,
    "incomeBeforeTax": 14712000000,
    "incomeBeforeTaxRatio": 0.1807371007,
    "incomeTaxExpense": 3373000000,
    "netIncome": 11339000000,
    "netIncomeRatio": 0.1392997543,
    "eps": 9.7,
    "epsdiluted": 9.66,
    "weightedAverageShsOut": 1169195373,
    "weightedAverageShsOutDil": 1173213898,
    "link": "https://www.sec.gov/Archives/edgar/data/1283699/000128369925000012/0001283699-25-000012-index.htm",
    "finalLink": "https://www.sec.gov/Archives/edgar/data/1283699/000128369925000012/tmus-20241231.htm"
  },
  {
    "date": "2023-12-31",
    "symbol": "TMUS",
    "reportedCurrency": "USD",
    "cik": "0001283699",
    "fillingDate": "2024-02-02",
    "acceptedDate": "2024-02-02 16:07:53",
    "calendarYear": "2023",
    "period": "FY",
    "revenue": 78558000000,
    "costOfRevenue": 32671000000,
    "grossProfit": 45887000000,
    "grossProfitRatio": 0.5841161944,
    "researchAndDevelopmentExpenses": 0,
    "generalAndAdministrativeExpenses": 18026000000,
    "sellingAndMarketingExpenses": 2500000000,
    "sellingGeneralAndAdministrativeExpenses": 21311000000,
    "otherExpenses": 10310000000,
    "operatingExpenses": 31621000000,
    "costAndExpenses": 64292000000,
    "interestIncome": 0,
    "interestExpense": 3335000000,
    "depreciationAndAmortization": 12818000000,
    "ebitda": 26933000000,
    "ebitdaratio": 0.3428422312,
    "operatingIncome": 14266000000,
    "operatingIncomeRatio": 0.1815983095,
    "totalOtherIncomeExpensesNet": -3267000000,
    "incomeBeforeTax": 10999000000,
    "incomeBeforeTaxRatio": 0.1400112019,
    "incomeTaxExpense": 2682000000,
    "netIncome": 8317000000,
    "netIncomeRatio": 0.1058708216,
    "eps": 7.02,
    "epsdiluted": 6.93,
    "weightedAverageShsOut": 1185121562,
    "weightedAverageShsOutDil": 1200286264,
    "link": "https://www.sec.gov/Archives/edgar/data/1283699/000128369924000008/0001283699-24-000008-index.htm",
    "finalLink": "https://www.sec.gov/Archives/edgar/data/1283699/000128369924000008/tmus-20231231.htm"
  },
  {
    "date": "2022-12-31",
    "symbol": "TMUS",
    "reportedCurrency": "USD",
    "cik": "0001283699",
    "fillingDate": "2023-02-14",
    "acceptedDate": "2023-02-14 16:03:54",
    "calendarYear": "2022",
    "period": "FY",
    "revenue": 79571000000,
    "costOfRevenue": 36206000000,
    "grossProfit": 43365000000,
    "grossProfitRatio": 0.544984982,
    "researchAndDevelopmentExpenses": 0,
    "generalAndAdministrativeExpenses": 19307000000,
    "sellingAndMarketingExpenses": 2300000000,
    "sellingGeneralAndAdministrativeExpenses": 21607000000,
    "otherExpenses": 13651000000,
    "operatingExpenses": 35258000000,
    "costAndExpenses": 71464000000,
    "interestIncome": 3364000000,
    "interestExpense": 3364000000,
    "depreciationAndAmortization": 13651000000,
    "ebitda": 27133000000,
    "ebitdaratio": 0.3409910646,
    "operatingIncome": 6543000000,
    "operatingIncomeRatio": 0.0822284501,
    "totalOtherIncomeExpensesNet": -3397000000,
    "incomeBeforeTax": 3146000000,
    "incomeBeforeTaxRatio": 0.0395370173,
    "incomeTaxExpense": 556000000,
    "netIncome": 2590000000,
    "netIncomeRatio": 0.0325495469,
    "eps": 2.07,
    "epsdiluted": 2.06,
    "weightedAverageShsOut": 1249763934,
    "weightedAverageShsOutDil": 1255376769,
    "link": "https://www.sec.gov/Archives/edgar/data/1283699/000128369923000016/0001283699-23-000016-index.htm",
    "finalLink": "https://www.sec.gov/Archives/edgar/data/1283699/000128369923000016/tmus-20221231.htm"
  },
  {
    "date": "2021-12-31",
    "symbol": "TMUS",
    "reportedCurrency": "USD",
    "cik": "0001283699",
    "fillingDate": "2022-02-11",
    "acceptedDate": "2022-02-11 16:09:17",
    "calendarYear": "2021",
    "period": "FY",
    "revenue": 80118000000,
    "costOfRevenue": 36605000000,
    "grossProfit": 43513000000,
    "grossProfitRatio": 0.5431114107,
    "researchAndDevelopmentExpenses": 0,
    "generalAndAdministrativeExpenses": 18038000000,
    "sellingAndMarketingExpenses": 2200000000,
    "sellingGeneralAndAdministrativeExpenses": 20238000000,
    "otherExpenses": 16383000000,
    "operatingExpenses": 36621000000,
    "costAndExpenses": 73226000000,
    "interestIncome": 20000000,
    "interestExpense": 3362000000,
    "depreciationAndAmortization": 16383000000,
    "ebitda": 26382000000,
    "ebitdaratio": 0.3292892983,
    "operatingIncome": 6892000000,
    "operatingIncomeRatio": 0.0860231159,
    "totalOtherIncomeExpensesNet": -3541000000,
    "incomeBeforeTax": 3351000000,
    "incomeBeforeTaxRatio": 0.0418258069,
    "incomeTaxExpense": 327000000,
    "netIncome": 3024000000,
    "netIncomeRatio": 0.0377443271,
    "eps": 2.42,
    "epsdiluted": 2.41,
    "weightedAverageShsOut": 1247154988,
    "weightedAverageShsOutDil": 1254769926,
    "link": "https://www.sec.gov/Archives/edgar/data/1283699/000128369922000018/0001283699-22-000018-index.htm",
    "finalLink": "https://www.sec.gov/Archives/edgar/data/1283699/000128369922000018/tmus-20211231.htm"
  },
  {
    "date": "2020-12-31",
    "symbol": "TMUS",
    "reportedCurrency": "USD",
    "cik": "0001283699",
    "fillingDate": "2021-02-23",
    "acceptedDate": "2021-02-23 16:08:26",
    "calendarYear": "2020",
    "period": "FY",
    "revenue": 68397000000,
    "costOfRevenue": 28266000000,
    "grossProfit": 40131000000,
    "grossProfitRatio": 0.5867362604,
    "researchAndDevelopmentExpenses": 200000000,
    "generalAndAdministrativeExpenses": 17126000000,
    "sellingAndMarketingExpenses": 1800000000,
    "sellingGeneralAndAdministrativeExpenses": 18926000000,
    "otherExpenses": 14151000000,
    "operatingExpenses": 33077000000,
    "costAndExpenses": 61343000000,
    "interestIncome": 29000000,
    "interestExpense": 2730000000,
    "depreciationAndAmortization": 14151000000,
    "ebitda": 23578000000,
    "ebitdaratio": 0.3447227218,
    "operatingIncome": 6636000000,
    "operatingIncomeRatio": 0.0970217992,
    "totalOtherIncomeExpensesNet": -3106000000,
    "incomeBeforeTax": 3530000000,
    "incomeBeforeTaxRatio": 0.0516104508,
    "incomeTaxExpense": 786000000,
    "netIncome": 3064000000,
    "netIncomeRatio": 0.0447972864,
    "eps": 2.68,
    "epsdiluted": 2.65,
    "weightedAverageShsOut": 1144206326,
    "weightedAverageShsOutDil": 1154749428,
    "link": "https://www.sec.gov/Archives/edgar/data/1283699/000128369921000039/0001283699-21-000039-index.htm",
    "finalLink": "https://www.sec.gov/Archives/edgar/data/1283699/000128369921000039/tmus-20201231.htm"
  },
  {
    "date": "2019-12-31",
    "symbol": "TMUS",
    "reportedCurrency": "USD",
    "cik": "0001283699",
    "fillingDate": "2020-02-06",
    "acceptedDate": "2020-02-06 16:08:16",
    "calendarYear": "2019",
    "period": "FY",
    "revenue": 44998000000,
    "costOfRevenue": 18521000000,
    "grossProfit": 26477000000,
    "grossProfitRatio": 0.5884039291,
    "researchAndDevelopmentExpenses": 0,
    "generalAndAdministrativeExpenses": 12539000000,
    "sellingAndMarketingExpenses": 1600000000,
    "sellingGeneralAndAdministrativeExpenses": 14139000000,
    "otherExpenses": 6616000000,
    "operatingExpenses": 20755000000,
    "costAndExpenses": 39276000000,
    "interestIncome": 24000000,
    "interestExpense": 1135000000,
    "depreciationAndAmortization": 6616000000,
    "ebitda": 12354000000,
    "ebitdaratio": 0.2745455354,
    "operatingIncome": 5722000000,
    "operatingIncomeRatio": 0.1271612072,
    "totalOtherIncomeExpensesNet": -1119000000,
    "incomeBeforeTax": 4603000000,
    "incomeBeforeTaxRatio": 0.1022934353,
    "incomeTaxExpense": 1135000000,
    "netIncome": 3468000000,
    "netIncomeRatio": 0.077070092,
    "eps": 4.05,
    "epsdiluted": 4.01,
    "weightedAverageShsOut": 855725625,
    "weightedAverageShsOutDil": 865032589,
    "link": "https://www.sec.gov/Archives/edgar/data/1283699/000128369920000026/0001283699-20-000026-index.htm",
    "finalLink": "https://www.sec.gov/Archives/edgar/data/1283699/000128369920000026/tmus-20191231.htm"
  },
  {
    "date": "2018-12-31",
    "symbol": "TMUS",
    "reportedCurrency": "USD",
    "cik": "0001283699",
    "fillingDate": "2019-02-07",
    "acceptedDate": "2019-02-07 07:46:51",
    "calendarYear": "2018",
    "period": "FY",
    "revenue": 43310000000,
    "costOfRevenue": 18354000000,
    "grossProfit": 24956000000,
    "grossProfitRatio": 0.5762179635,
    "researchAndDevelopmentExpenses": 0,
    "generalAndAdministrativeExpenses": 13161000000,
    "sellingAndMarketingExpenses": 1700000000,
    "sellingGeneralAndAdministrativeExpenses": 13161000000,
    "otherExpenses": -54000000,
    "operatingExpenses": 19647000000,
    "costAndExpenses": 38001000000,
    "interestIncome": 19000000,
    "interestExpense": 1357000000,
    "depreciationAndAmortization": 6486000000,
    "ebitda": 11991000000,
    "ebitdaratio": 0.2768644655,
    "operatingIncome": 5309000000,
    "operatingIncomeRatio": 0.12258139,
    "totalOtherIncomeExpensesNet": -1392000000,
    "incomeBeforeTax": 3917000000,
    "incomeBeforeTaxRatio": 0.0904410067,
    "incomeTaxExpense": 1029000000,
    "netIncome": 2888000000,
    "netIncomeRatio": 0.0666820596,
    "eps": 3.4,
    "epsdiluted": 3.36,
    "weightedAverageShsOut": 849744152,
    "weightedAverageShsOutDil": 858290174,
    "link": "https://www.sec.gov/Archives/edgar/data/1283699/000128369919000015/0001283699-19-000015-index.htm",
    "finalLink": "https://www.sec.gov/Archives/edgar/data/1283699/000128369919000015/tmus12312018form10-k.htm"
  },
  {
    "date": "2017-12-31",
    "symbol": "TMUS",
    "reportedCurrency": "USD",
    "cik": "0001283699",
    "fillingDate": "2018-02-08",
    "acceptedDate": "2018-02-08 06:15:41",
    "calendarYear": "2017",
    "period": "FY",
    "revenue": 40604000000,
    "costOfRevenue": 17708000000,
    "grossProfit": 22896000000,
    "grossProfitRatio": 0.5638853315,
    "researchAndDevelopmentExpenses": 0,
    "generalAndAdministrativeExpenses": 12259000000,
    "sellingAndMarketingExpenses": 1800000000,
    "sellingGeneralAndAdministrativeExpenses": 12259000000,
    "otherExpenses": -73000000,
    "operatingExpenses": 18243000000,
    "costAndExpenses": 35951000000,
    "interestIncome": 17000000,
    "interestExpense": 1671000000,
    "depreciationAndAmortization": 5984000000,
    "ebitda": 10637000000,
    "ebitdaratio": 0.2619692641,
    "operatingIncome": 4888000000,
    "operatingIncomeRatio": 0.1203822284,
    "totalOtherIncomeExpensesNet": -1727000000,
    "incomeBeforeTax": 3161000000,
    "incomeBeforeTaxRatio": 0.077849473,
    "incomeTaxExpense": -1375000000,
    "netIncome": 4536000000,
    "netIncomeRatio": 0.1117131317,
    "eps": 5.39,
    "epsdiluted": 5.2,
    "weightedAverageShsOut": 831850073,
    "weightedAverageShsOutDil": 871787450,
    "link": "https://www.sec.gov/Archives/edgar/data/1283699/000128369918000011/0001283699-18-000011-index.htm",
    "finalLink": "https://www.sec.gov/Archives/edgar/data/1283699/000128369918000011/tmus12312017form10-k.htm"
  },
  {
    "date": "2016-12-31",
    "symbol": "TMUS",
    "reportedCurrency": "USD",
    "cik": "0001283699",
    "fillingDate": "2017-02-14",
    "acceptedDate": "2017-02-14 07:37:53",
    "calendarYear": "2016",
    "period": "FY",
    "revenue": 37490000000,
    "costOfRevenue": 16550000000,
    "grossProfit": 20940000000,
    "grossProfitRatio": 0.5585489464,
    "researchAndDevelopmentExpenses": 0,
    "generalAndAdministrativeExpenses": 11378000000,
    "sellingAndMarketingExpenses": 1700000000,
    "sellingGeneralAndAdministrativeExpenses": 11378000000,
    "otherExpenses": -6000000,
    "operatingExpenses": 17621000000,
    "costAndExpenses": 34171000000,
    "interestIncome": 13000000,
    "interestExpense": 1730000000,
    "depreciationAndAmortization": 6243000000,
    "ebitda": 10325000000,
    "ebitdaratio": 0.2754067751,
    "operatingIncome": 4050000000,
    "operatingIncomeRatio": 0.1080288077,
    "totalOtherIncomeExpensesNet": -1723000000,
    "incomeBeforeTax": 2327000000,
    "incomeBeforeTaxRatio": 0.0620698853,
    "incomeTaxExpense": 867000000,
    "netIncome": 1460000000,
    "netIncomeRatio": 0.0389437183,
    "eps": 1.71,
    "epsdiluted": 1.69,
    "weightedAverageShsOut": 822470275,
    "weightedAverageShsOutDil": 833054545,
    "link": "https://www.sec.gov/Archives/edgar/data/1283699/000128369917000010/0001283699-17-000010-index.htm",
    "finalLink": "https://www.sec.gov/Archives/edgar/data/1283699/000128369917000010/tmus12312016form10-k.htm"
  },
  {
    "date": "2015-12-31",
    "symbol": "TMUS",
    "reportedCurrency": "USD",
    "cik": "0001283699",
    "fillingDate": "2016-02-17",
    "acceptedDate": "2016-02-17 06:09:43",
    "calendarYear": "2015",
    "period": "FY",
    "revenue": 32053000000,
    "costOfRevenue": 14898000000,
    "grossProfit": 17155000000,
    "grossProfitRatio": 0.5352073129,
    "researchAndDevelopmentExpenses": 0,
    "generalAndAdministrativeExpenses": 10189000000,
    "sellingAndMarketingExpenses": 1600000000,
    "sellingGeneralAndAdministrativeExpenses": 10189000000,
    "otherExpenses": -11000000,
    "operatingExpenses": 14877000000,
    "costAndExpenses": 29775000000,
    "interestIncome": 420000000,
    "interestExpense": 1496000000,
    "depreciationAndAmortization": 4688000000,
    "ebitda": 7014000000,
    "ebitdaratio": 0.218825071,
    "operatingIncome": 2065000000,
    "operatingIncomeRatio": 0.0644245468,
    "totalOtherIncomeExpensesNet": -1501000000,
    "incomeBeforeTax": 978000000,
    "incomeBeforeTaxRatio": 0.0305119646,
    "incomeTaxExpense": 245000000,
    "netIncome": 733000000,
    "netIncomeRatio": 0.0228683743,
    "eps": 0.83,
    "epsdiluted": 0.82,
    "weightedAverageShsOut": 812994028,
    "weightedAverageShsOutDil": 822617938,
    "link": "https://www.sec.gov/Archives/edgar/data/1283699/000128369916000073/0001283699-16-000073-index.htm",
    "finalLink": "https://www.sec.gov/Archives/edgar/data/1283699/000128369916000073/tmus12312015form10-k.htm"
  }
]