[
  {
    "date": "2024-12-31",
    "symbol": "TMUS",
    "reportedCurrency": "USD",
    "cik": "0001283699",
    "fillingDate": "2025-01-31",
    "acceptedDate": "2025-01-31 16:04:31",
    "calendarYear": "2024",
    "period": "Q4",
    "revenue": 21872000000,
    "costOfRevenue": 8785000000,
    "grossProfit": 13087000000,
    "grossProfitRatio": 0.5983449159,
    "researchAndDevelopmentExpenses": 0,
    "generalAndAdministrativeExpenses": 0,
    "sellingAndMarketingExpenses": 0,
    "sellingGeneralAndAdministrativeExpenses": 5352000000,
    "otherExpenses": 3149000000,
    "operatingExpenses": 8501000000,
    "costAndExpenses": 17286000000,
    "interestIncome": 0,
    "interestExpense": 841000000,
    "depreciationAndAmortization": 3149000000,
    "ebitda": 7829000000,
    "ebitdaratio": 0.3579462326,
    "operatingIncome": 4586000000,
    "operatingIncomeRatio": 0.2096744696,
    "totalOtherIncomeExpensesNet": -747000000,
    "incomeBeforeTax": 3839000000,
    "incomeBeforeTaxRatio": 0.1755212143,
    "incomeTaxExpense": 858000000,
    "netIncome": 2981000000,
    "netIncomeRatio": 0.1362929773,
    "eps": 2.55,
    "epsdiluted": 2.54,
    "weightedAverageShsOut": 1169195373,
    "weightedAverageShsOutDil": 1173213898,
    "link": "https://www.sec.gov/Archives/edgar/data/1283699/000128369925000012/0001283699-25-000012-index.htm",
    "finalLink": "https://www.sec.gov/Archives/edgar/data/1283699/000128369925000012/tmus-20241231.htm"
  },
  {
    "date": "2024-09-30",
    "symbol": "TMUS",
    "reportedCurrency": "USD",
    "cik": "0001283699",
    "fillingDate": "2024-10-23",
    "acceptedDate": "2024-10-23 16:06:57",
    "calendarYear": "2024",
    "period": "Q3",
    "revenue": 20162000000,
    "costOfRevenue": 7514000000,
    "grossProfit": 12648000000,
    "grossProfitRatio": 0.6273187184,
    "researchAndDevelopmentExpenses": 0,
    "generalAndAdministrativeExpenses": 0,
    "sellingAndMarketingExpenses": 0,
    "sellingGeneralAndAdministrativeExpenses": 5186000000,
    "otherExpenses": 2666000000,
    "operatingExpenses": 7852000000,
    "costAndExpenses": 15366000000,
    "interestIncome": 0,
    "interestExpense": 836000000,
    "depreciationAndAmortization": 3151000000,
    "ebitda": 7895000000,
    "ebitdaratio": 0.3915782164,
    "operatingIncome": 4796000000,
    "operatingIncomeRatio": 0.2378732269,
    "totalOtherIncomeExpensesNet": -829000000,
    "incomeBeforeTax": 3967000000,
    "incomeBeforeTaxRatio": 0.1967562742,
    "incomeTaxExpense": 908000000,
    "netIncome": 3059000000,
    "netIncomeRatio": 0.1517210594,
    "eps": 2.62,
    "epsdiluted": 2.61,
    "weightedAverageShsOut": 1166961755,
    "weightedAverageShsOutDil": 1170649561,
    "link": "https://www.sec.gov/Archives/edgar/data/1283699/000128369924000142/0001283699-24-000142-index.htm",
    "finalLink": "https://www.sec.gov/Archives/edgar/data/1283699/000128369924000142/tmus-20240930.htm"
  },
  {
    "date": "2024-06-30",
    "symbol": "TMUS",
    "reportedCurrency": "USD",
    "cik": "0001283699",
    "fillingDate": "2024-07-31",
    "acceptedDate": "2024-07-31 07:03:45",
    "calendarYear": "2024",
    "period": "Q2",
    "revenue": 19772000000,
    "costOfRevenue": 9927000000,
    "grossProfit": 9845000000,
    "grossProfitRatio": 0.4979263605,
    "researchAndDevelopmentExpenses": 0,
    "generalAndAdministrativeExpenses": 0,
    "sellingAndMarketingExpenses": 0,
    "sellingGeneralAndAdministrativeExpenses": 5249000000,
    "otherExpenses": -8000000,
    "operatingExpenses": 5249000000,
    "costAndExpenses": 15176000000,
    "interestIncome": 0,
    "interestExpense": 854000000,
    "depreciationAndAmortization": 3248000000,
    "ebitda": 7884000000,
    "ebitdaratio": 0.398745701,
    "operatingIncome": 4596000000,
    "operatingIncomeRatio": 0.2324499292,
    "totalOtherIncomeExpensesNet": -862000000,
    "incomeBeforeTax": 3768000000,
    "incomeBeforeTaxRatio": 0.1905725268,
    "incomeTaxExpense": 843000000,
    "netIncome": 2925000000,
    "netIncomeRatio": 0.1479364758,
    "eps": 2.5,
    "epsdiluted": 2.49,
    "weightedAverageShsOut": 1170025862,
    "weightedAverageShsOutDil": 1172447353,
    "link": "https://www.sec.gov/Archives/edgar/data/1283699/000128369924000111/0001283699-24-000111-index.htm",
    "finalLink": "https://www.sec.gov/Archives/edgar/data/1283699/000128369924000111/tmus-20240630.htm"
  },
  {
    "date": "2024-03-31",
    "symbol": "TMUS",
    "reportedCurrency": "USD",
    "cik": "0001283699",
    "fillingDate": "2024-04-26",
    "acceptedDate": "2024-04-26 12:32:12",
    "calendarYear": "2024",
    "period": "Q1",
    "revenue": 19594000000,
    "costOfRevenue": 10351000000,
    "grossProfit": 9243000000,
    "grossProfitRatio": 0.4717260386,
    "researchAndDevelopmentExpenses": 0,
    "generalAndAdministrativeExpenses": 0,
    "sellingAndMarketingExpenses": 0,
    "sellingGeneralAndAdministrativeExpenses": 5094000000,
    "otherExpenses": 20000000,
    "operatingExpenses": 5094000000,
    "costAndExpenses": 15445000000,
    "interestIncome": 0,
    "interestExpense": 880000000,
    "depreciationAndAmortization": 3371000000,
    "ebitda": 7499000000,
    "ebitdaratio": 0.3827191998,
    "operatingIncome": 4149000000,
    "operatingIncomeRatio": 0.2117484944,
    "totalOtherIncomeExpensesNet": -860000000,
    "incomeBeforeTax": 3138000000,
    "incomeBeforeTaxRatio": 0.1601510667,
    "incomeTaxExpense": 764000000,
    "netIncome": 2374000000,
    "netIncomeRatio": 0.1211595386,
    "eps": 2,
    "epsdiluted": 2,
    "weightedAverageShsOut": 1185298497,
    "weightedAverageShsOutDil": 1189092019,
    "link": "https://www.sec.gov/Archives/edgar/data/1283699/000128369924000065/0001283699-24-000065-index.htm",
    "finalLink": "https://www.sec.gov/Archives/edgar/data/1283699/000128369924000065/tmus-20240331.htm"
  },
  {
    "date": "2023-12-31",
    "symbol": "TMUS",
    "reportedCurrency": "USD",
    "cik": "0001283699",
    "fillingDate": "2024-02-02",
    "acceptedDate": "2024-02-02 16:07:53",
    "calendarYear": "2023",
    "period": "Q4",
    "revenue": 20478000000,
    "costOfRevenue": 8400000000,
    "grossProfit": 12078000000,
    "grossProfitRatio": 0.5898036918,
    "researchAndDevelopmentExpenses": 0,
    "generalAndAdministrativeExpenses": 2780000000,
    "sellingAndMarketingExpenses": 2500000000,
    "sellingGeneralAndAdministrativeExpenses": 5280000000,
    "otherExpenses": 12000000,
    "operatingExpenses": 8598000000,
    "costAndExpenses": 16998000000,
    "interestIncome": 0,
    "interestExpense": 849000000,
    "depreciationAndAmortization": 3318000000,
    "ebitda": 7621000000,
    "ebitdaratio": 0.3721554839,
    "operatingIncome": 3480000000,
    "operatingIncomeRatio": 0.1699384706,
    "totalOtherIncomeExpensesNet": -837000000,
    "incomeBeforeTax": 2643000000,
    "incomeBeforeTaxRatio": 0.1290653384,
    "incomeTaxExpense": 629000000,
    "netIncome": 2014000000,
    "netIncomeRatio": 0.0983494482,
    "eps": 1.74,
    "epsdiluted": 1.67,
    "weightedAverageShsOut": 1157313367,
    "weightedAverageShsOutDil": 1205014105,
    "link": "https://www.sec.gov/Archives/edgar/data/1283699/000128369924000008/0001283699-24-000008-index.htm",
    "finalLink": "https://www.sec.gov/Archives/edgar/data/1283699/000128369924000008/tmus-20231231.htm"
  },
  {
    "date": "2023-09-30",
    "symbol": "TMUS",
    "reportedCurrency": "USD",
    "cik": "0001283699",
    "fillingDate": "2023-10-25",
    "acceptedDate": "2023-10-25 07:06:28",
    "calendarYear": "2023",
    "period": "Q3",
    "revenue": 19252000000,
    "costOfRevenue": 7135000000,
    "grossProfit": 12117000000,
    "grossProfitRatio": 0.6293891544,
    "researchAndDevelopmentExpenses": 0,
    "generalAndAdministrativeExpenses": 0,
    "sellingAndMarketingExpenses": 0,
    "sellingGeneralAndAdministrativeExpenses": 5334000000,
    "otherExpenses": 41000000,
    "operatingExpenses": 8521000000,
    "costAndExpenses": 15656000000,
    "interestIncome": 790000000,
    "interestExpense": 790000000,
    "depreciationAndAmortization": 3187000000,
    "ebitda": 6935000000,
    "ebitdaratio": 0.3602223146,
    "operatingIncome": 3596000000,
    "operatingIncomeRatio": 0.1867857885,
    "totalOtherIncomeExpensesNet": -749000000,
    "incomeBeforeTax": 2847000000,
    "incomeBeforeTaxRatio": 0.1478807397,
    "incomeTaxExpense": 705000000,
    "netIncome": 2142000000,
    "netIncomeRatio": 0.1112611677,
    "eps": 1.83,
    "epsdiluted": 1.82,
    "weightedAverageShsOut": 1171336373,
    "weightedAverageShsOutDil": 1174390472,
    "link": "https://www.sec.gov/Archives/edgar/data/1283699/000128369923000151/0001283699-23-000151-index.htm",
    "finalLink": "https://www.sec.gov/Archives/edgar/data/1283699/000128369923000151/tmus-20230930.htm"
  },
  {
    "date": "2023-06-30",
    "symbol": "TMUS",
    "reportedCurrency": "USD",
    "cik": "0001283699",
    "fillingDate": "2023-07-27",
    "acceptedDate": "2023-07-27 16:15:38",
    "calendarYear": "2023",
    "period": "Q2",
    "revenue": 19196000000,
    "costOfRevenue": 7004000000,
    "grossProfit": 12192000000,
    "grossProfitRatio": 0.6351323192,
    "researchAndDevelopmentExpenses": 0,
    "generalAndAdministrativeExpenses": 0,
    "sellingAndMarketingExpenses": 0,
    "sellingGeneralAndAdministrativeExpenses": 5272000000,
    "otherExpenses": 6000000,
    "operatingExpenses": 8382000000,
    "costAndExpenses": 15386000000,
    "interestIncome": 861000000,
    "interestExpense": 861000000,
    "depreciationAndAmortization": 3110000000,
    "ebitda": 7196000000,
    "ebitdaratio": 0.3748697645,
    "operatingIncome": 3793000000,
    "operatingIncomeRatio": 0.1975932486,
    "totalOtherIncomeExpensesNet": -855000000,
    "incomeBeforeTax": 2938000000,
    "incomeBeforeTaxRatio": 0.1530527193,
    "incomeTaxExpense": 717000000,
    "netIncome": 2221000000,
    "netIncomeRatio": 0.1157011877,
    "eps": 1.86,
    "epsdiluted": 1.86,
    "weightedAverageShsOut": 1193078891,
    "weightedAverageShsOutDil": 1195533499,
    "link": "https://www.sec.gov/Archives/edgar/data/1283699/000128369923000134/0001283699-23-000134-index.htm",
    "finalLink": "https://www.sec.gov/Archives/edgar/data/1283699/000128369923000134/tmus-20230630.htm"
  },
  {
    "date": "2023-03-31",
    "symbol": "TMUS",
    "reportedCurrency": "USD",
    "cik": "0001283699",
    "fillingDate": "2023-04-27",
    "acceptedDate": "2023-04-27 16:13:02",
    "calendarYear": "2023",
    "period": "Q1",
    "revenue": 19632000000,
    "costOfRevenue": 7649000000,
    "grossProfit": 11983000000,
    "grossProfitRatio": 0.6103810106,
    "researchAndDevelopmentExpenses": 0,
    "generalAndAdministrativeExpenses": 0,
    "sellingAndMarketingExpenses": 0,
    "sellingGeneralAndAdministrativeExpenses": 5425000000,
    "otherExpenses": 3203000000,
    "operatingExpenses": 8628000000,
    "costAndExpenses": 16277000000,
    "interestIncome": 835000000,
    "interestExpense": 835000000,
    "depreciationAndAmortization": 3203000000,
    "ebitda": 6873000000,
    "ebitdaratio": 0.350091687,
    "operatingIncome": 3397000000,
    "operatingIncomeRatio": 0.1730338223,
    "totalOtherIncomeExpensesNet": -826000000,
    "incomeBeforeTax": 2571000000,
    "incomeBeforeTaxRatio": 0.1309596577,
    "incomeTaxExpense": 631000000,
    "netIncome": 1940000000,
    "netIncomeRatio": 0.0988182559,
    "eps": 1.59,
    "epsdiluted": 1.58,
    "weightedAverageShsOut": 1219608362,
    "weightedAverageShsOutDil": 1224604698,
    "link": "https://www.sec.gov/Archives/edgar/data/1283699/000128369923000087/0001283699-23-000087-index.htm",
    "finalLink": "https://www.sec.gov/Archives/edgar/data/1283699/000128369923000087/tmus-20230331.htm"
  },
  {
    "date": "2022-12-31",
    "symbol": "TMUS",
    "reportedCurrency": "USD",
    "cik": "0001283699",
    "fillingDate": "2023-02-14",
    "acceptedDate": "2023-02-14 16:03:54",
    "calendarYear": "2022",
    "period": "Q4",
    "revenue": 20273000000,
    "costOfRevenue": 8671000000,
    "grossProfit": 11602000000,
    "grossProfitRatio": 0.5722882652,
    "researchAndDevelopmentExpenses": 0,
    "generalAndAdministrativeExpenses": 3277000000,
    "sellingAndMarketingExpenses": 2300000000,
    "sellingGeneralAndAdministrativeExpenses": 5577000000,
    "otherExpenses": 3262000000,
    "operatingExpenses": 8839000000,
    "costAndExpenses": 17510000000,
    "interestIncome": 822000000,
    "interestExpense": 822000000,
    "depreciationAndAmortization": 3262000000,
    "ebitda": 6642000000,
    "ebitdaratio": 0.3276278794,
    "operatingIncome": 2747000000,
    "operatingIncomeRatio": 0.1355004193,
    "totalOtherIncomeExpensesNet": -820000000,
    "incomeBeforeTax": 1927000000,
    "incomeBeforeTaxRatio": 0.0950525329,
    "incomeTaxExpense": 450000000,
    "netIncome": 1477000000,
    "netIncomeRatio": 0.0728555221,
    "eps": 1.19,
    "epsdiluted": 1.18,
    "weightedAverageShsOut": 1240827732,
    "weightedAverageShsOutDil": 1246880141,
    "link": "https://www.sec.gov/Archives/edgar/data/1283699/000128369923000016/0001283699-23-000016-index.htm",
    "finalLink": "https://www.sec.gov/Archives/edgar/data/1283699/000128369923000016/tmus-20221231.htm"
  },
  {
    "date": "2022-09-30",
    "symbol": "TMUS",
    "reportedCurrency": "USD",
    "cik": "0001283699",
    "fillingDate": "2022-10-27",
    "acceptedDate": "2022-10-27 16:08:25",
    "calendarYear": "2022",
    "period": "Q3",
    "revenue": 19477000000,
    "costOfRevenue": 8694000000,
    "grossProfit": 10783000000,
    "grossProfitRatio": 0.5536273553,
    "researchAndDevelopmentExpenses": 0,
    "generalAndAdministrativeExpenses": 0,
    "sellingAndMarketingExpenses": 0,
    "sellingGeneralAndAdministrativeExpenses": 5118000000,
    "otherExpenses": 3313000000,
    "operatingExpenses": 8431000000,
    "costAndExpenses": 17125000000,
    "interestIncome": 827000000,
    "interestExpense": 827000000,
    "depreciationAndAmortization": 3313000000,
    "ebitda": 6942000000,
    "ebitdaratio": 0.3564203933,
    "operatingIncome": 2349000000,
    "operatingIncomeRatio": 0.1206037891,
    "totalOtherIncomeExpensesNet": -830000000,
    "incomeBeforeTax": 451000000,
    "incomeBeforeTaxRatio": 0.0231555168,
    "incomeTaxExpense": -57000000,
    "netIncome": 508000000,
    "netIncomeRatio": 0.0260820455,
    "eps": 0.41,
    "epsdiluted": 0.4,
    "weightedAverageShsOut": 1253873429,
    "weightedAverageShsOutDil": 1259210271,
    "link": "https://www.sec.gov/Archives/edgar/data/1283699/000128369922000141/0001283699-22-000141-index.htm",
    "finalLink": "https://www.sec.gov/Archives/edgar/data/1283699/000128369922000141/tmus-20220930.htm"
  },
  {
    "date": "2022-06-30",
    "symbol": "TMUS",
    "reportedCurrency": "USD",
    "cik": "0001283699",
    "fillingDate": "2022-07-29",
    "acceptedDate": "2022-07-29 16:12:22",
    "calendarYear": "2022",
    "period": "Q2",
    "revenue": 19701000000,
    "costOfRevenue": 9168000000,
    "grossProfit": 10533000000,
    "grossProfitRatio": 0.5346429115,
    "researchAndDevelopmentExpenses": 0,
    "generalAndAdministrativeExpenses": 0,
    "sellingAndMarketingExpenses": 0,
    "sellingGeneralAndAdministrativeExpenses": 5856000000,
    "otherExpenses": 3491000000,
    "operatingExpenses": 9347000000,
    "costAndExpenses": 18515000000,
    "interestIncome": 0,
    "interestExpense": 851000000,
    "depreciationAndAmortization": 3491000000,
    "ebitda": 6345000000,
    "ebitdaratio": 0.3220648698,
    "operatingIncome": 1165000000,
    "operatingIncomeRatio": 0.0591340541,
    "totalOtherIncomeExpensesNet": -872000000,
    "incomeBeforeTax": -163000000,
    "incomeBeforeTaxRatio": -0.0082736917,
    "incomeTaxExpense": -55000000,
    "netIncome": -108000000,
    "netIncomeRatio": -0.0054819552,
    "eps": -0.09,
    "epsdiluted": -0.0861,
    "weightedAverageShsOut": 1200000000,
    "weightedAverageShsOutDil": 1253932986,
    "link": "https://www.sec.gov/Archives/edgar/data/1283699/000128369922000117/0001283699-22-000117-index.htm",
    "finalLink": "https://www.sec.gov/Archives/edgar/data/1283699/000128369922000117/tmus-20220630.htm"
  },
  {
    "date": "2022-03-31",
    "symbol": "TMUS",
    "reportedCurrency": "USD",
    "cik": "0001283699",
    "fillingDate": "2022-05-06",
    "acceptedDate": "2022-05-06 16:06:11",
    "calendarYear": "2022",
    "period": "Q1",
    "revenue": 20120000000,
    "costOfRevenue": 9673000000,
    "grossProfit": 10447000000,
    "grossProfitRatio": 0.5192345924,
    "researchAndDevelopmentExpenses": 0,
    "generalAndAdministrativeExpenses": 0,
    "sellingAndMarketingExpenses": 0,
    "sellingGeneralAndAdministrativeExpenses": 5056000000,
    "otherExpenses": 3585000000,
    "operatingExpenses": 8641000000,
    "costAndExpenses": 18314000000,
    "interestIncome": 0,
    "interestExpense": 864000000,
    "depreciationAndAmortization": 3585000000,
    "ebitda": 6804000000,
    "ebitdaratio": 0.3381709742,
    "operatingIncome": 1806000000,
    "operatingIncomeRatio": 0.0897614314,
    "totalOtherIncomeExpensesNet": -875000000,
    "incomeBeforeTax": 931000000,
    "incomeBeforeTaxRatio": 0.0462723658,
    "incomeTaxExpense": 218000000,
    "netIncome": 713000000,
    "netIncomeRatio": 0.0354373757,
    "eps": 0.57,
    "epsdiluted": 0.57,
    "weightedAverageShsOut": 1250505999,
    "weightedAverageShsOutDil": 1255368592,
    "link": "https://www.sec.gov/Archives/edgar/data/1283699/000128369922000084/0001283699-22-000084-index.htm",
    "finalLink": "https://www.sec.gov/Archives/edgar/data/1283699/000128369922000084/tmus-20220331.htm"
  },
  {
    "date": "2021-12-31",
    "symbol": "TMUS",
    "reportedCurrency": "USD",
    "cik": "0001283699",
    "fillingDate": "2022-02-11",
    "acceptedDate": "2022-02-11 16:09:17",
    "calendarYear": "2021",
    "period": "Q4",
    "revenue": 20785000000,
    "costOfRevenue": 10452000000,
    "grossProfit": 10333000000,
    "grossProfitRatio": 0.4971373587,
    "researchAndDevelopmentExpenses": 0,
    "generalAndAdministrativeExpenses": 3198000000,
    "sellingAndMarketingExpenses": 2200000000,
    "sellingGeneralAndAdministrativeExpenses": 5398000000,
    "otherExpenses": -13000000,
    "operatingExpenses": 9270000000,
    "costAndExpenses": 19722000000,
    "interestIncome": 13000000,
    "interestExpense": 834000000,
    "depreciationAndAmortization": 3872000000,
    "ebitda": 4935000000,
    "ebitdaratio": 0.2374308395,
    "operatingIncome": 1063000000,
    "operatingIncomeRatio": 0.051142651,
    "totalOtherIncomeExpensesNet": -834000000,
    "incomeBeforeTax": 229000000,
    "incomeBeforeTaxRatio": 0.0110175607,
    "incomeTaxExpense": -193000000,
    "netIncome": 422000000,
    "netIncomeRatio": 0.0203031032,
    "eps": 0.34,
    "epsdiluted": 0.34,
    "weightedAverageShsOut": 1249272296,
    "weightedAverageShsOutDil": 1254289170,
    "link": "https://www.sec.gov/Archives/edgar/data/1283699/000128369922000018/0001283699-22-000018-index.htm",
    "finalLink": "https://www.sec.gov/Archives/edgar/data/1283699/000128369922000018/tmus-20211231.htm"
  },
  {
    "date": "2021-09-30",
    "symbol": "TMUS",
    "reportedCurrency": "USD",
    "cik": "0001283699",
    "fillingDate": "2021-11-02",
    "acceptedDate": "2021-11-02 16:06:48",
    "calendarYear": "2021",
    "period": "Q3",
    "revenue": 19624000000,
    "costOfRevenue": 8683000000,
    "grossProfit": 10941000000,
    "grossProfitRatio": 0.557531594,
    "researchAndDevelopmentExpenses": 0,
    "generalAndAdministrativeExpenses": 0,
    "sellingAndMarketingExpenses": 0,
    "sellingGeneralAndAdministrativeExpenses": 5212000000,
    "otherExpenses": -60000000,
    "operatingExpenses": 9357000000,
    "costAndExpenses": 18040000000,
    "interestIncome": 2000000,
    "interestExpense": 838000000,
    "depreciationAndAmortization": 4145000000,
    "ebitda": 6684000000,
    "ebitdaratio": 0.3406033428,
    "operatingIncome": 1584000000,
    "operatingIncomeRatio": 0.0807174888,
    "totalOtherIncomeExpensesNet": -896000000,
    "incomeBeforeTax": 688000000,
    "incomeBeforeTaxRatio": 0.0350591113,
    "incomeTaxExpense": -3000000,
    "netIncome": 691000000,
    "netIncomeRatio": 0.0352119853,
    "eps": 0.55,
    "epsdiluted": 0.55,
    "weightedAverageShsOut": 1248189719,
    "weightedAverageShsOutDil": 1253661245,
    "link": "https://www.sec.gov/Archives/edgar/data/1283699/000128369921000169/0001283699-21-000169-index.htm",
    "finalLink": "https://www.sec.gov/Archives/edgar/data/1283699/000128369921000169/tmus-20210930.htm"
  },
  {
    "date": "2021-06-30",
    "symbol": "TMUS",
    "reportedCurrency": "USD",
    "cik": "0001283699",
    "fillingDate": "2021-08-03",
    "acceptedDate": "2021-08-03 17:07:40",
    "calendarYear": "2021",
    "period": "Q2",
    "revenue": 19950000000,
    "costOfRevenue": 8944000000,
    "grossProfit": 11006000000,
    "grossProfitRatio": 0.551679198,
    "researchAndDevelopmentExpenses": 0,
    "generalAndAdministrativeExpenses": 0,
    "sellingAndMarketingExpenses": 0,
    "sellingGeneralAndAdministrativeExpenses": 4823000000,
    "otherExpenses": -1000000,
    "operatingExpenses": 8900000000,
    "costAndExpenses": 17844000000,
    "interestIncome": 2000000,
    "interestExpense": 852000000,
    "depreciationAndAmortization": 4077000000,
    "ebitda": 6184000000,
    "ebitdaratio": 0.3099749373,
    "operatingIncome": 2106000000,
    "operatingIncomeRatio": 0.1055639098,
    "totalOtherIncomeExpensesNet": -851000000,
    "incomeBeforeTax": 1255000000,
    "incomeBeforeTaxRatio": 0.0629072682,
    "incomeTaxExpense": 277000000,
    "netIncome": 978000000,
    "netIncomeRatio": 0.0490225564,
    "eps": 0.78,
    "epsdiluted": 0.78,
    "weightedAverageShsOut": 1247563331,
    "weightedAverageShsOutDil": 1253718122,
    "link": "https://www.sec.gov/Archives/edgar/data/1283699/000128369921000150/0001283699-21-000150-index.htm",
    "finalLink": "https://www.sec.gov/Archives/edgar/data/1283699/000128369921000150/tmus-20210630.htm"
  },
  {
    "date": "2021-03-31",
    "symbol": "TMUS",
    "reportedCurrency": "USD",
    "cik": "0001283699",
    "fillingDate": "2021-05-04",
    "acceptedDate": "2021-05-04 16:07:10",
    "calendarYear": "2021",
    "period": "Q1",
    "revenue": 19759000000,
    "costOfRevenue": 8526000000,
    "grossProfit": 11233000000,
    "grossProfitRatio": 0.5685004302,
    "researchAndDevelopmentExpenses": 0,
    "generalAndAdministrativeExpenses": 0,
    "sellingAndMarketingExpenses": 0,
    "sellingGeneralAndAdministrativeExpenses": 4805000000,
    "otherExpenses": -125000000,
    "operatingExpenses": 9094000000,
    "costAndExpenses": 17620000000,
    "interestIncome": 3000000,
    "interestExpense": 838000000,
    "depreciationAndAmortization": 4289000000,
    "ebitda": 6726000000,
    "ebitdaratio": 0.3404018422,
    "operatingIncome": 2139000000,
    "operatingIncomeRatio": 0.1082544663,
    "totalOtherIncomeExpensesNet": -960000000,
    "incomeBeforeTax": 1179000000,
    "incomeBeforeTaxRatio": 0.0596690116,
    "incomeTaxExpense": 246000000,
    "netIncome": 933000000,
    "netIncomeRatio": 0.0472189888,
    "eps": 0.75,
    "epsdiluted": 0.74,
    "weightedAverageShsOut": 1243520026,
    "weightedAverageShsOutDil": 1252783564,
    "link": "https://www.sec.gov/Archives/edgar/data/1283699/000128369921000088/0001283699-21-000088-index.htm",
    "finalLink": "https://www.sec.gov/Archives/edgar/data/1283699/000128369921000088/tmus-20210331.htm"
  },
  {
    "date": "2020-12-31",
    "symbol": "TMUS",
    "reportedCurrency": "USD",
    "cik": "0001283699",
    "fillingDate": "2021-02-23",
    "acceptedDate": "2021-02-23 16:08:26",
    "calendarYear": "2020",
    "period": "Q4",
    "revenue": 20341000000,
    "costOfRevenue": 9652000000,
    "grossProfit": 10689000000,
    "grossProfitRatio": 0.5254903889,
    "researchAndDevelopmentExpenses": 200000000,
    "generalAndAdministrativeExpenses": 4758000000,
    "sellingAndMarketingExpenses": 1800000000,
    "sellingGeneralAndAdministrativeExpenses": 4758000000,
    "otherExpenses": -101000000,
    "operatingExpenses": 8977000000,
    "costAndExpenses": 18629000000,
    "interestIncome": 8000000,
    "interestExpense": 798000000,
    "depreciationAndAmortization": 4219000000,
    "ebitda": 5838000000,
    "ebitdaratio": 0.2870065385,
    "operatingIncome": 1712000000,
    "operatingIncomeRatio": 0.084164987,
    "totalOtherIncomeExpensesNet": -891000000,
    "incomeBeforeTax": 821000000,
    "incomeBeforeTaxRatio": 0.0403618308,
    "incomeTaxExpense": 71000000,
    "netIncome": 750000000,
    "netIncomeRatio": 0.0368713436,
    "eps": 0.6,
    "epsdiluted": 0.6,
    "weightedAverageShsOut": 1241578615,
    "weightedAverageShsOutDil": 1251566899,
    "link": "https://www.sec.gov/Archives/edgar/data/1283699/000128369921000039/0001283699-21-000039-index.htm",
    "finalLink": "https://www.sec.gov/Archives/edgar/data/1283699/000128369921000039/tmus-20201231.htm"
  },
  {
    "date": "2020-09-30",
    "symbol": "TMUS",
    "reportedCurrency": "USD",
    "cik": "0001283699",
    "fillingDate": "2020-11-05",
    "acceptedDate": "2020-11-05 16:14:43",
    "calendarYear": "2020",
    "period": "Q3",
    "revenue": 19272000000,
    "costOfRevenue": 7681000000,
    "grossProfit": 11591000000,
    "grossProfitRatio": 0.6014425073,
    "researchAndDevelopmentExpenses": 0,
    "generalAndAdministrativeExpenses": 0,
    "sellingAndMarketingExpenses": 0,
    "sellingGeneralAndAdministrativeExpenses": 4876000000,
    "otherExpenses": -99000000,
    "operatingExpenses": 9026000000,
    "costAndExpenses": 16707000000,
    "interestIncome": 3000000,
    "interestExpense": 809000000,
    "depreciationAndAmortization": 4150000000,
    "ebitda": 6619000000,
    "ebitdaratio": 0.3434516397,
    "operatingIncome": 2565000000,
    "operatingIncomeRatio": 0.1330946451,
    "totalOtherIncomeExpensesNet": -905000000,
    "incomeBeforeTax": 1660000000,
    "incomeBeforeTaxRatio": 0.0861353259,
    "incomeTaxExpense": 407000000,
    "netIncome": 1253000000,
    "netIncomeRatio": 0.0650166044,
    "eps": 1.01,
    "epsdiluted": 1,
    "weightedAverageShsOut": 1238450665,
    "weightedAverageShsOutDil": 1249798740,
    "link": "https://www.sec.gov/Archives/edgar/data/1283699/000128369920000193/0001283699-20-000193-index.htm",
    "finalLink": "https://www.sec.gov/Archives/edgar/data/1283699/000128369920000193/tmus-20200930.htm"
  },
  {
    "date": "2020-06-30",
    "symbol": "TMUS",
    "reportedCurrency": "USD",
    "cik": "0001283699",
    "fillingDate": "2020-08-06",
    "acceptedDate": "2020-08-06 17:09:49",
    "calendarYear": "2020",
    "period": "Q2",
    "revenue": 17671000000,
    "costOfRevenue": 6765000000,
    "grossProfit": 10906000000,
    "grossProfitRatio": 0.6171693735,
    "researchAndDevelopmentExpenses": 0,
    "generalAndAdministrativeExpenses": 5604000000,
    "sellingAndMarketingExpenses": 0,
    "sellingGeneralAndAdministrativeExpenses": 5604000000,
    "otherExpenses": -195000000,
    "operatingExpenses": 9668000000,
    "costAndExpenses": 16433000000,
    "interestIncome": 6000000,
    "interestExpense": 839000000,
    "depreciationAndAmortization": 4064000000,
    "ebitda": 6441000000,
    "ebitdaratio": 0.3644955011,
    "operatingIncome": 820000000,
    "operatingIncomeRatio": 0.0464037123,
    "totalOtherIncomeExpensesNet": -1028000000,
    "incomeBeforeTax": -208000000,
    "incomeBeforeTaxRatio": -0.0117706978,
    "incomeTaxExpense": 2000000,
    "netIncome": 110000000,
    "netIncomeRatio": 0.0062248882,
    "eps": 0.09,
    "epsdiluted": 0.09,
    "weightedAverageShsOut": 1235301384,
    "weightedAverageShsOutDil": 1236528444,
    "link": "https://www.sec.gov/Archives/edgar/data/1283699/000128369920000165/0001283699-20-000165-index.htm",
    "finalLink": "https://www.sec.gov/Archives/edgar/data/1283699/000128369920000165/tmus-20200630.htm"
  },
  {
    "date": "2020-03-31",
    "symbol": "TMUS",
    "reportedCurrency": "USD",
    "cik": "0001283699",
    "fillingDate": "2020-05-06",
    "acceptedDate": "2020-05-06 16:19:11",
    "calendarYear": "2020",
    "period": "Q1",
    "revenue": 11113000000,
    "costOfRevenue": 4168000000,
    "grossProfit": 6945000000,
    "grossProfitRatio": 0.6249437596,
    "researchAndDevelopmentExpenses": 0,
    "generalAndAdministrativeExpenses": 3688000000,
    "sellingAndMarketingExpenses": 0,
    "sellingGeneralAndAdministrativeExpenses": 3688000000,
    "otherExpenses": -10000000,
    "operatingExpenses": 5406000000,
    "costAndExpenses": 9574000000,
    "interestIncome": 12000000,
    "interestExpense": 284000000,
    "depreciationAndAmortization": 1718000000,
    "ebitda": 3259000000,
    "ebitdaratio": 0.2932601458,
    "operatingIncome": 1539000000,
    "operatingIncomeRatio": 0.1384864573,
    "totalOtherIncomeExpensesNet": -282000000,
    "incomeBeforeTax": 1257000000,
    "incomeBeforeTaxRatio": 0.1131107712,
    "incomeTaxExpense": 306000000,
    "netIncome": 951000000,
    "netIncomeRatio": 0.0855754522,
    "eps": 1.11,
    "epsdiluted": 1.1,
    "weightedAverageShsOut": 858148284,
    "weightedAverageShsOutDil": 865998532,
    "link": "https://www.sec.gov/Archives/edgar/data/1283699/000128369920000106/0001283699-20-000106-index.htm",
    "finalLink": "https://www.sec.gov/Archives/edgar/data/1283699/000128369920000106/tmus-20200331.htm"
  }
]