[
  {
    "date": "2024-12-31",
    "symbol": "HDB",
    "reportedCurrency": "INR",
    "cik": "0001144967",
    "fillingDate": "2025-01-24",
    "acceptedDate": "2025-01-24 06:04:30",
    "calendarYear": "2025",
    "period": "Q3",
    "revenue": 613223700000,
    "costOfRevenue": 0,
    "grossProfit": 613223700000,
    "grossProfitRatio": 1,
    "researchAndDevelopmentExpenses": 0,
    "generalAndAdministrativeExpenses": 0,
    "sellingAndMarketingExpenses": 0,
    "sellingGeneralAndAdministrativeExpenses": 85176600000,
    "otherExpenses": 0,
    "operatingExpenses": 85176600000,
    "costAndExpenses": 85176600000,
    "interestIncome": 0,
    "interestExpense": 0,
    "depreciationAndAmortization": 0,
    "ebitda": 0,
    "ebitdaratio": 0,
    "operatingIncome": 528047100000,
    "operatingIncomeRatio": 0.8611002804,
    "totalOtherIncomeExpensesNet": -288318400000,
    "incomeBeforeTax": 239728700000,
    "incomeBeforeTaxRatio": 0.3909318899,
    "incomeTaxExpense": 56327600000,
    "netIncome": 176566100000,
    "netIncomeRatio": 0.2879309785,
    "eps": 23.11,
    "epsdiluted": 23,
    "weightedAverageShsOut": 7676786956,
    "weightedAverageShsOutDil": 7676786956,
    "link": "https://www.sec.gov/Archives/edgar/data/1144967/000119312525011770/0001193125-25-011770-index.htm",
    "finalLink": "https://www.sec.gov/Archives/edgar/data/1144967/000119312525011770/d812607dex99.htm"
  },
  {
    "date": "2024-09-30",
    "symbol": "HDB",
    "reportedCurrency": "INR",
    "cik": "0001144967",
    "fillingDate": "2024-10-22",
    "acceptedDate": "2024-10-22 06:07:49",
    "calendarYear": "2025",
    "period": "Q2",
    "revenue": 727736600000,
    "costOfRevenue": 0,
    "grossProfit": 727736600000,
    "grossProfitRatio": 1,
    "researchAndDevelopmentExpenses": 0,
    "generalAndAdministrativeExpenses": 0,
    "sellingAndMarketingExpenses": 0,
    "sellingGeneralAndAdministrativeExpenses": 85193400000,
    "otherExpenses": 0,
    "operatingExpenses": 85193400000,
    "costAndExpenses": 85193400000,
    "interestIncome": 0,
    "interestExpense": 0,
    "depreciationAndAmortization": 0,
    "ebitda": 0,
    "ebitdaratio": 0,
    "operatingIncome": 642543200000,
    "operatingIncomeRatio": 0.8829337428,
    "totalOtherIncomeExpensesNet": -402859000000,
    "incomeBeforeTax": 239684200000,
    "incomeBeforeTaxRatio": 0.3293557037,
    "incomeTaxExpense": 53409800000,
    "netIncome": 178259100000,
    "netIncomeRatio": 0.2449500272,
    "eps": 23.4,
    "epsdiluted": 23.29,
    "weightedAverageShsOut": 7653890081,
    "weightedAverageShsOutDil": 7653890081,
    "link": "https://www.sec.gov/Archives/edgar/data/1144967/000119312524240712/0001193125-24-240712-index.htm",
    "finalLink": "https://www.sec.gov/Archives/edgar/data/1144967/000119312524240712/d901840dex99.htm"
  },
  {
    "date": "2024-06-30",
    "symbol": "HDB",
    "reportedCurrency": "INR",
    "cik": "0001144967",
    "fillingDate": "2024-07-23",
    "acceptedDate": "2024-07-23 06:07:49",
    "calendarYear": "2025",
    "period": "Q1",
    "revenue": 724169900000,
    "costOfRevenue": 0,
    "grossProfit": 724169900000,
    "grossProfitRatio": 1,
    "researchAndDevelopmentExpenses": 0,
    "generalAndAdministrativeExpenses": 350416200000,
    "sellingAndMarketingExpenses": 0,
    "sellingGeneralAndAdministrativeExpenses": 350416200000,
    "otherExpenses": 115049100000,
    "operatingExpenses": 465465300000,
    "costAndExpenses": 465465300000,
    "interestIncome": 815462000000,
    "interestExpense": 445795000000,
    "depreciationAndAmortization": 0,
    "ebitda": 258704600000,
    "ebitdaratio": 0.3572429619,
    "operatingIncome": 258704600000,
    "operatingIncomeRatio": 0.3572429619,
    "totalOtherIncomeExpensesNet": -31430900000,
    "incomeBeforeTax": 227273700000,
    "incomeBeforeTaxRatio": 0.3138403018,
    "incomeTaxExpense": 55393200000,
    "netIncome": 164748500000,
    "netIncomeRatio": 0.2274997898,
    "eps": 21.67,
    "epsdiluted": 21.59,
    "weightedAverageShsOut": 7630778138,
    "weightedAverageShsOutDil": 7630778138,
    "link": "https://www.sec.gov/Archives/edgar/data/1144967/000119312524182550/0001193125-24-182550-index.htm",
    "finalLink": "https://www.sec.gov/Archives/edgar/data/1144967/000119312524182550/d871265dex99.htm"
  },
  {
    "date": "2024-03-31",
    "symbol": "HDB",
    "reportedCurrency": "INR",
    "cik": "0001144967",
    "fillingDate": "2024-07-29",
    "acceptedDate": "2024-07-29 15:00:31",
    "calendarYear": "2024",
    "period": "Q4",
    "revenue": 733584200000,
    "costOfRevenue": 0,
    "grossProfit": 733584200000,
    "grossProfitRatio": 1,
    "researchAndDevelopmentExpenses": 0,
    "generalAndAdministrativeExpenses": 372704400000,
    "sellingAndMarketingExpenses": 0,
    "sellingGeneralAndAdministrativeExpenses": 372704400000,
    "otherExpenses": 118574700000,
    "operatingExpenses": 491279100000,
    "costAndExpenses": 491279100000,
    "interestIncome": 794336100000,
    "interestExpense": 436915100000,
    "depreciationAndAmortization": 0,
    "ebitda": 242305100000,
    "ebitdaratio": 0.3303030518,
    "operatingIncome": 242305100000,
    "operatingIncomeRatio": 0.3303030518,
    "totalOtherIncomeExpensesNet": -64691200000,
    "incomeBeforeTax": 177613900000,
    "incomeBeforeTaxRatio": 0.2421179464,
    "incomeTaxExpense": -2514800000,
    "netIncome": 176223800000,
    "netIncomeRatio": 0.2402230037,
    "eps": 23.2,
    "epsdiluted": 23.12,
    "weightedAverageShsOut": 7621983051,
    "weightedAverageShsOutDil": 7622136678,
    "link": "https://www.sec.gov/Archives/edgar/data/1144967/000119312524187406/0001193125-24-187406-index.htm",
    "finalLink": "https://www.sec.gov/Archives/edgar/data/1144967/000119312524187406/d759422d20f.htm"
  },
  {
    "date": "2023-12-31",
    "symbol": "HDB",
    "reportedCurrency": "INR",
    "cik": "0001144967",
    "fillingDate": "2024-01-17",
    "acceptedDate": "2024-01-17 06:04:51",
    "calendarYear": "2024",
    "period": "Q3",
    "revenue": 717731400000,
    "costOfRevenue": 0,
    "grossProfit": 717731400000,
    "grossProfitRatio": 1,
    "researchAndDevelopmentExpenses": 0,
    "generalAndAdministrativeExpenses": 346118800000,
    "sellingAndMarketingExpenses": 0,
    "sellingGeneralAndAdministrativeExpenses": 346118800000,
    "otherExpenses": 113142500000,
    "operatingExpenses": 459261300000,
    "costAndExpenses": 459261300000,
    "interestIncome": 780081700000,
    "interestExpense": 432423700000,
    "depreciationAndAmortization": 0,
    "ebitda": 258470100000,
    "ebitdaratio": 0.360120931,
    "operatingIncome": 258470100000,
    "operatingIncomeRatio": 0.360120931,
    "totalOtherIncomeExpensesNet": -46039000000,
    "incomeBeforeTax": 212431100000,
    "incomeBeforeTaxRatio": 0.2959757647,
    "incomeTaxExpense": 35251100000,
    "netIncome": 172578700000,
    "netIncomeRatio": 0.2404502576,
    "eps": 22.74,
    "epsdiluted": 22.65,
    "weightedAverageShsOut": 7619368653,
    "weightedAverageShsOutDil": 7619368653,
    "link": "https://www.sec.gov/Archives/edgar/data/1144967/000119312524008877/0001193125-24-008877-index.htm",
    "finalLink": "https://www.sec.gov/Archives/edgar/data/1144967/000119312524008877/d870756dex99.htm"
  },
  {
    "date": "2023-09-30",
    "symbol": "HDB",
    "reportedCurrency": "INR",
    "cik": "0001144967",
    "fillingDate": "2023-12-26",
    "acceptedDate": "2023-12-26 06:05:27",
    "calendarYear": "2024",
    "period": "Q2",
    "revenue": 663167100000,
    "costOfRevenue": 0,
    "grossProfit": 663167100000,
    "grossProfitRatio": 1,
    "researchAndDevelopmentExpenses": 0,
    "generalAndAdministrativeExpenses": 315029800000,
    "sellingAndMarketingExpenses": 0,
    "sellingGeneralAndAdministrativeExpenses": 315029800000,
    "otherExpenses": 105346100000,
    "operatingExpenses": 420375900000,
    "costAndExpenses": 420375900000,
    "interestIncome": 750391000000,
    "interestExpense": 412499100000,
    "depreciationAndAmortization": 0,
    "ebitda": 242791200000,
    "ebitdaratio": 0.3661086323,
    "operatingIncome": 242791200000,
    "operatingIncomeRatio": 0.3661086323,
    "totalOtherIncomeExpensesNet": -33117400000,
    "incomeBeforeTax": 209673800000,
    "incomeBeforeTaxRatio": 0.316170389,
    "incomeTaxExpense": 36550000000,
    "netIncome": 168114100000,
    "netIncomeRatio": 0.25350187,
    "eps": 16.87,
    "epsdiluted": 16.75,
    "weightedAverageShsOut": 7610916991,
    "weightedAverageShsOutDil": 7600094936,
    "link": "https://www.sec.gov/Archives/edgar/data/1144967/000119312523302417/0001193125-23-302417-index.htm",
    "finalLink": "https://www.sec.gov/Archives/edgar/data/1144967/000119312523302417/d89218dex99.htm"
  },
  {
    "date": "2023-06-30",
    "symbol": "HDB",
    "reportedCurrency": "INR",
    "cik": "0001144967",
    "fillingDate": "2023-06-30",
    "acceptedDate": "2023-06-30 00:00:00",
    "calendarYear": "2024",
    "period": "Q1",
    "revenue": 350665300000,
    "costOfRevenue": 0,
    "grossProfit": 350665300000,
    "grossProfitRatio": 1,
    "researchAndDevelopmentExpenses": 0,
    "generalAndAdministrativeExpenses": 59511600000,
    "sellingAndMarketingExpenses": 0,
    "sellingGeneralAndAdministrativeExpenses": 59511600000,
    "otherExpenses": 92265500000,
    "operatingExpenses": 151777100000,
    "costAndExpenses": 151777100000,
    "interestIncome": 511681400000,
    "interestExpense": 259547600000,
    "depreciationAndAmortization": 0,
    "ebitda": 198888200000,
    "ebitdaratio": 0.5671738835,
    "operatingIncome": 198888200000,
    "operatingIncomeRatio": 0.5671738835,
    "totalOtherIncomeExpensesNet": -32921000000,
    "incomeBeforeTax": 165967200000,
    "incomeBeforeTaxRatio": 0.4732923389,
    "incomeTaxExpense": 41934700000,
    "netIncome": 123703800000,
    "netIncomeRatio": 0.3527688654,
    "eps": 22.15,
    "epsdiluted": 22.03,
    "weightedAverageShsOut": 5615242850,
    "weightedAverageShsOutDil": 5615242850,
    "link": null,
    "finalLink": null
  },
  {
    "date": "2023-03-31",
    "symbol": "HDB",
    "reportedCurrency": "INR",
    "cik": "0001144967",
    "fillingDate": "2023-06-29",
    "acceptedDate": "2023-06-29 06:55:02",
    "calendarYear": "2023",
    "period": "Q4",
    "revenue": 282041500000,
    "costOfRevenue": 0,
    "grossProfit": 282041500000,
    "grossProfitRatio": 1,
    "researchAndDevelopmentExpenses": 0,
    "generalAndAdministrativeExpenses": 255058400000,
    "sellingAndMarketingExpenses": 2699500000,
    "sellingGeneralAndAdministrativeExpenses": 255058400000,
    "otherExpenses": -321572100000,
    "operatingExpenses": -66513700000,
    "costAndExpenses": -66513700000,
    "interestIncome": 457469600000,
    "interestExpense": 223799100000,
    "depreciationAndAmortization": -167826900000,
    "ebitda": 223496100000,
    "ebitdaratio": 0.7924227463,
    "operatingIncome": 215527800000,
    "operatingIncomeRatio": 0.764170521,
    "totalOtherIncomeExpensesNet": 95098800000,
    "incomeBeforeTax": 215224800000,
    "incomeBeforeTaxRatio": 0.763096211,
    "incomeTaxExpense": 54107300000,
    "netIncome": 161420500000,
    "netIncomeRatio": 0.5723288949,
    "eps": 22.58,
    "epsdiluted": 22.46,
    "weightedAverageShsOut": 5606817642,
    "weightedAverageShsOutDil": 5607511130,
    "link": "https://www.sec.gov/Archives/edgar/data/1144967/000119312523177984/0001193125-23-177984-index.htm",
    "finalLink": "https://www.sec.gov/Archives/edgar/data/1144967/000119312523177984/0001193125-23-177984.txt"
  },
  {
    "date": "2022-12-31",
    "symbol": "HDB",
    "reportedCurrency": "INR",
    "cik": "0001144967",
    "fillingDate": "2023-06-29",
    "acceptedDate": "2023-06-29 07:03:56",
    "calendarYear": "2023",
    "period": "Q3",
    "revenue": 336179800000,
    "costOfRevenue": 0,
    "grossProfit": 336179800000,
    "grossProfitRatio": 1,
    "researchAndDevelopmentExpenses": 0,
    "generalAndAdministrativeExpenses": 52775300000,
    "sellingAndMarketingExpenses": 0,
    "sellingGeneralAndAdministrativeExpenses": 52775300000,
    "otherExpenses": -219966200000,
    "operatingExpenses": -167190900000,
    "costAndExpenses": -167190900000,
    "interestIncome": 450021100000,
    "interestExpense": 205048600000,
    "depreciationAndAmortization": -169360000000,
    "ebitda": 0,
    "ebitdaratio": 0,
    "operatingIncome": 168988900000,
    "operatingIncomeRatio": 0.5026741642,
    "totalOtherIncomeExpensesNet": 0,
    "incomeBeforeTax": 169360000000,
    "incomeBeforeTaxRatio": 0.5037780378,
    "incomeTaxExpense": 42005700000,
    "netIncome": 126983200000,
    "netIncomeRatio": 0.3777240631,
    "eps": 22.78,
    "epsdiluted": 22.68,
    "weightedAverageShsOut": 5598906525,
    "weightedAverageShsOutDil": 5598906525,
    "link": "https://www.sec.gov/Archives/edgar/data/1144967/000119312523177990/0001193125-23-177990-index.htm",
    "finalLink": "https://www.sec.gov/Archives/edgar/data/1144967/000119312523177990/d486922d20f.htm"
  },
  {
    "date": "2022-09-30",
    "symbol": "HDB",
    "reportedCurrency": "INR",
    "cik": "0001144967",
    "fillingDate": "2022-07-29",
    "acceptedDate": "2022-07-29 16:06:05",
    "calendarYear": "2023",
    "period": "Q2",
    "revenue": 281658600000,
    "costOfRevenue": 0,
    "grossProfit": 281658600000,
    "grossProfitRatio": 1,
    "researchAndDevelopmentExpenses": 0,
    "generalAndAdministrativeExpenses": 135158800000,
    "sellingAndMarketingExpenses": 0,
    "sellingGeneralAndAdministrativeExpenses": 135158800000,
    "otherExpenses": -245367000000,
    "operatingExpenses": -110208200000,
    "costAndExpenses": -110208200000,
    "interestIncome": 401346700000,
    "interestExpense": 181900100000,
    "depreciationAndAmortization": -149564000000,
    "ebitda": 0,
    "ebitdaratio": 0,
    "operatingIncome": 171450400000,
    "operatingIncomeRatio": 0.6087170781,
    "totalOtherIncomeExpensesNet": 0,
    "incomeBeforeTax": 171472900000,
    "incomeBeforeTaxRatio": 0.608796962,
    "incomeTaxExpense": 44437400000,
    "netIncome": 127013000000,
    "netIncomeRatio": 0.4509466425,
    "eps": 22.84,
    "epsdiluted": 22.75,
    "weightedAverageShsOut": 5583015514,
    "weightedAverageShsOutDil": 5582142498,
    "link": "https://www.sec.gov/Archives/edgar/data/1144967/000119312522206602/0001193125-22-206602-index.htm",
    "finalLink": "https://www.sec.gov/Archives/edgar/data/1144967/000119312522206602/0001193125-22-206602.txt"
  },
  {
    "date": "2022-06-30",
    "symbol": "HDB",
    "reportedCurrency": "INR",
    "cik": "0001144967",
    "fillingDate": "2022-07-29",
    "acceptedDate": "2022-07-29 16:12:09",
    "calendarYear": "2023",
    "period": "Q1",
    "revenue": 278440600000,
    "costOfRevenue": 0,
    "grossProfit": 278440600000,
    "grossProfitRatio": 1,
    "researchAndDevelopmentExpenses": 0,
    "generalAndAdministrativeExpenses": 46068600000,
    "sellingAndMarketingExpenses": 0,
    "sellingGeneralAndAdministrativeExpenses": 46068600000,
    "otherExpenses": -196651800000,
    "operatingExpenses": -150583200000,
    "costAndExpenses": -150583200000,
    "interestIncome": 372738100000,
    "interestExpense": 163582600000,
    "depreciationAndAmortization": -128233000000,
    "ebitda": 0,
    "ebitdaratio": 0,
    "operatingIncome": 127857400000,
    "operatingIncomeRatio": 0.459190937,
    "totalOtherIncomeExpensesNet": 0,
    "incomeBeforeTax": 128233000000,
    "incomeBeforeTaxRatio": 0.4605398782,
    "incomeTaxExpense": 32066300000,
    "netIncome": 95791100000,
    "netIncomeRatio": 0.3440270564,
    "eps": 17.3,
    "epsdiluted": 17.2,
    "weightedAverageShsOut": 5569250000,
    "weightedAverageShsOutDil": 5569250000,
    "link": "https://www.sec.gov/Archives/edgar/data/1144967/000119312522206623/0001193125-22-206623-index.htm",
    "finalLink": "https://www.sec.gov/Archives/edgar/data/1144967/000119312522206623/d249746d20f.htm"
  },
  {
    "date": "2022-03-31",
    "symbol": "HDB",
    "reportedCurrency": "INR",
    "cik": "0001144967",
    "fillingDate": "2022-07-29",
    "acceptedDate": "2022-07-29 16:12:09",
    "calendarYear": "2022",
    "period": "Q4",
    "revenue": 247033600000,
    "costOfRevenue": 0,
    "grossProfit": 247033600000,
    "grossProfitRatio": 1,
    "researchAndDevelopmentExpenses": 0,
    "generalAndAdministrativeExpenses": 14813200000,
    "sellingAndMarketingExpenses": 2625400000,
    "sellingGeneralAndAdministrativeExpenses": 130682000000,
    "otherExpenses": 0,
    "operatingExpenses": 110135200000,
    "costAndExpenses": 110135200000,
    "interestIncome": 0,
    "interestExpense": 0,
    "depreciationAndAmortization": -136898400000,
    "ebitda": -318800000,
    "ebitdaratio": -0.0012905127,
    "operatingIncome": 136898400000,
    "operatingIncomeRatio": 0.5541691495,
    "totalOtherIncomeExpensesNet": 0,
    "incomeBeforeTax": 136898400000,
    "incomeBeforeTaxRatio": 0.5541691495,
    "incomeTaxExpense": 32149500000,
    "netIncome": 104430100000,
    "netIncomeRatio": 0.4227364213,
    "eps": 18.8,
    "epsdiluted": 18.7,
    "weightedAverageShsOut": 5583267813,
    "weightedAverageShsOutDil": 5584497326,
    "link": "https://www.sec.gov/Archives/edgar/data/1144967/000119312522206623/0001193125-22-206623-index.htm",
    "finalLink": "https://www.sec.gov/Archives/edgar/data/1144967/000119312522206623/d249746d20f.htm"
  },
  {
    "date": "2021-12-31",
    "symbol": "HDB",
    "reportedCurrency": "INR",
    "cik": "0001144967",
    "fillingDate": "2021-12-31",
    "acceptedDate": "2021-12-31 00:00:00",
    "calendarYear": "2022",
    "period": "Q3",
    "revenue": 248252400000,
    "costOfRevenue": 0,
    "grossProfit": 248252400000,
    "grossProfitRatio": 1,
    "researchAndDevelopmentExpenses": 0,
    "generalAndAdministrativeExpenses": 0,
    "sellingAndMarketingExpenses": 0,
    "sellingGeneralAndAdministrativeExpenses": 41212300000,
    "otherExpenses": 0,
    "operatingExpenses": 106071100000,
    "costAndExpenses": 106071100000,
    "interestIncome": 0,
    "interestExpense": 0,
    "depreciationAndAmortization": -142181300000,
    "ebitda": -243100000,
    "ebitdaratio": -0.0009792453,
    "operatingIncome": 142181300000,
    "operatingIncomeRatio": 0.5727288034,
    "totalOtherIncomeExpensesNet": 0,
    "incomeBeforeTax": 142181300000,
    "incomeBeforeTaxRatio": 0.5727288034,
    "incomeTaxExpense": 36023600000,
    "netIncome": 105914600000,
    "netIncomeRatio": 0.4266407898,
    "eps": 19.1,
    "epsdiluted": 19,
    "weightedAverageShsOut": 5574452631,
    "weightedAverageShsOutDil": 5574452631,
    "link": null,
    "finalLink": null
  },
  {
    "date": "2021-09-30",
    "symbol": "HDB",
    "reportedCurrency": "INR",
    "cik": "0001144967",
    "fillingDate": "2021-07-26",
    "acceptedDate": "2021-07-26 16:01:55",
    "calendarYear": "2022",
    "period": "Q2",
    "revenue": 270210800000,
    "costOfRevenue": 0,
    "grossProfit": 270210800000,
    "grossProfitRatio": 1,
    "researchAndDevelopmentExpenses": 0,
    "generalAndAdministrativeExpenses": 39314300000,
    "sellingAndMarketingExpenses": 0,
    "sellingGeneralAndAdministrativeExpenses": 39314300000,
    "otherExpenses": 0,
    "operatingExpenses": 90538000000,
    "costAndExpenses": 90538000000,
    "interestIncome": 335204400000,
    "interestExpense": 144152800000,
    "depreciationAndAmortization": -147106600000,
    "ebitda": 144390500000,
    "ebitdaratio": 0.5343624311,
    "operatingIncome": 122997300000,
    "operatingIncomeRatio": 0.45519017,
    "totalOtherIncomeExpensesNet": -23871600000,
    "incomeBeforeTax": 123235000000,
    "incomeBeforeTaxRatio": 0.4560698536,
    "incomeTaxExpense": 32035400000,
    "netIncome": 90961900000,
    "netIncomeRatio": 0.3366331027,
    "eps": 19.12,
    "epsdiluted": 19.01,
    "weightedAverageShsOut": 5579680567,
    "weightedAverageShsOutDil": 5580484662,
    "link": "https://www.sec.gov/Archives/edgar/data/1144967/000119312521224276/0001193125-21-224276-index.htm",
    "finalLink": "https://www.sec.gov/Archives/edgar/data/1144967/000119312521224276/0001193125-21-224276.txt"
  },
  {
    "date": "2021-06-30",
    "symbol": "HDB",
    "reportedCurrency": "INR",
    "cik": "0001144967",
    "fillingDate": "2021-07-28",
    "acceptedDate": "2021-07-28 06:18:19",
    "calendarYear": "2022",
    "period": "Q1",
    "revenue": 247151300000,
    "costOfRevenue": 0,
    "grossProfit": 247151300000,
    "grossProfitRatio": 1,
    "researchAndDevelopmentExpenses": 0,
    "generalAndAdministrativeExpenses": 36437400000,
    "sellingAndMarketingExpenses": 0,
    "sellingGeneralAndAdministrativeExpenses": 36437400000,
    "otherExpenses": 0,
    "operatingExpenses": 87068900000,
    "costAndExpenses": 87068900000,
    "interestIncome": 322537600000,
    "interestExpense": 142185000000,
    "depreciationAndAmortization": -106419100000,
    "ebitda": 0,
    "ebitdaratio": 0,
    "operatingIncome": 106237200000,
    "operatingIncomeRatio": 0.4298468185,
    "totalOtherIncomeExpensesNet": 0,
    "incomeBeforeTax": 106419100000,
    "incomeBeforeTaxRatio": 0.4305828049,
    "incomeTaxExpense": 27016300000,
    "netIncome": 79220900000,
    "netIncomeRatio": 0.3205360441,
    "eps": 14.4,
    "epsdiluted": 14.3,
    "weightedAverageShsOut": 5539923076,
    "weightedAverageShsOutDil": 5539923076,
    "link": "https://www.sec.gov/Archives/edgar/data/1144967/000119312521226470/0001193125-21-226470-index.htm",
    "finalLink": "https://www.sec.gov/Archives/edgar/data/1144967/000119312521226470/d298173d20f.htm"
  },
  {
    "date": "2021-03-31",
    "symbol": "HDB",
    "reportedCurrency": "INR",
    "cik": "0001144967",
    "fillingDate": "2021-07-28",
    "acceptedDate": "2021-07-28 06:18:19",
    "calendarYear": "2021",
    "period": "Q4",
    "revenue": 268262500000,
    "costOfRevenue": 0,
    "grossProfit": 268262500000,
    "grossProfitRatio": 1,
    "researchAndDevelopmentExpenses": 0,
    "generalAndAdministrativeExpenses": 35705400000,
    "sellingAndMarketingExpenses": 1022500000,
    "sellingGeneralAndAdministrativeExpenses": 35705400000,
    "otherExpenses": 0,
    "operatingExpenses": 98079200000,
    "costAndExpenses": 98079200000,
    "interestIncome": 326069200000,
    "interestExpense": 140832400000,
    "depreciationAndAmortization": -112657400000,
    "ebitda": 0,
    "ebitdaratio": 0,
    "operatingIncome": 112551800000,
    "operatingIncomeRatio": 0.4195584549,
    "totalOtherIncomeExpensesNet": 0,
    "incomeBeforeTax": 112657300000,
    "incomeBeforeTaxRatio": 0.4199517264,
    "incomeTaxExpense": 28214000000,
    "netIncome": 84337800000,
    "netIncomeRatio": 0.3143853502,
    "eps": 15.3,
    "epsdiluted": 15.2,
    "weightedAverageShsOut": 5549378817,
    "weightedAverageShsOutDil": 5548539473,
    "link": "https://www.sec.gov/Archives/edgar/data/1144967/000119312521226470/0001193125-21-226470-index.htm",
    "finalLink": "https://www.sec.gov/Archives/edgar/data/1144967/000119312521226470/d298173d20f.htm"
  },
  {
    "date": "2020-12-31",
    "symbol": "HDB",
    "reportedCurrency": "INR",
    "cik": "0001144967",
    "fillingDate": "2020-12-31",
    "acceptedDate": "2020-12-31 00:00:00",
    "calendarYear": "2021",
    "period": "Q3",
    "revenue": 253160500000,
    "costOfRevenue": 0,
    "grossProfit": 253160500000,
    "grossProfitRatio": 1,
    "researchAndDevelopmentExpenses": 0,
    "generalAndAdministrativeExpenses": 34562800000,
    "sellingAndMarketingExpenses": 0,
    "sellingGeneralAndAdministrativeExpenses": 34562800000,
    "otherExpenses": 0,
    "operatingExpenses": 91798000000,
    "costAndExpenses": 91798000000,
    "interestIncome": 318516000000,
    "interestExpense": 145226800000,
    "depreciationAndAmortization": -118132000000,
    "ebitda": 0,
    "ebitdaratio": 0,
    "operatingIncome": 118223400000,
    "operatingIncomeRatio": 0.4669899135,
    "totalOtherIncomeExpensesNet": 0,
    "incomeBeforeTax": 118132000000,
    "incomeBeforeTaxRatio": 0.4666288777,
    "incomeTaxExpense": 30530100000,
    "netIncome": 87693300000,
    "netIncomeRatio": 0.346394086,
    "eps": 15.9,
    "epsdiluted": 15.8,
    "weightedAverageShsOut": 5550208860,
    "weightedAverageShsOutDil": 5550208860,
    "link": null,
    "finalLink": null
  },
  {
    "date": "2020-09-30",
    "symbol": "HDB",
    "reportedCurrency": "INR",
    "cik": "0001144967",
    "fillingDate": "2020-09-30",
    "acceptedDate": "2020-09-29 20:00:00",
    "calendarYear": "2021",
    "period": "Q2",
    "revenue": 234052900000,
    "costOfRevenue": 0,
    "grossProfit": 234052900000,
    "grossProfitRatio": 1,
    "researchAndDevelopmentExpenses": 0,
    "generalAndAdministrativeExpenses": 33488500000,
    "sellingAndMarketingExpenses": 0,
    "sellingGeneralAndAdministrativeExpenses": 33488500000,
    "otherExpenses": 0,
    "operatingExpenses": 79740099999,
    "costAndExpenses": 79740099999,
    "interestIncome": 317422700000,
    "interestExpense": 150331800000,
    "depreciationAndAmortization": -133769200000,
    "ebitda": 0,
    "ebitdaratio": 0,
    "operatingIncome": 103691900000,
    "operatingIncomeRatio": 0.4430276232,
    "totalOtherIncomeExpensesNet": -60069500000,
    "incomeBeforeTax": 103777000000,
    "incomeBeforeTaxRatio": 0.4433912163,
    "incomeTaxExpense": 26663300000,
    "netIncome": 77028600000,
    "netIncomeRatio": 0.3291076504,
    "eps": 17.93,
    "epsdiluted": 17.93,
    "weightedAverageShsOut": 5502043055,
    "weightedAverageShsOutDil": 5502042857,
    "link": null,
    "finalLink": null
  },
  {
    "date": "2020-06-30",
    "symbol": "HDB",
    "reportedCurrency": "INR",
    "cik": "0001144967",
    "fillingDate": "2020-07-31",
    "acceptedDate": "2020-07-31 08:50:42",
    "calendarYear": "2021",
    "period": "Q1",
    "revenue": 210901000000,
    "costOfRevenue": 0,
    "grossProfit": 210901000000,
    "grossProfitRatio": 1,
    "researchAndDevelopmentExpenses": 0,
    "generalAndAdministrativeExpenses": 33010000000,
    "sellingAndMarketingExpenses": 0,
    "sellingGeneralAndAdministrativeExpenses": 33010000000,
    "otherExpenses": 0,
    "operatingExpenses": 74060799999,
    "costAndExpenses": 74060799999,
    "interestIncome": 323516100000,
    "interestExpense": 156084900000,
    "depreciationAndAmortization": -93395100000,
    "ebitda": 0,
    "ebitdaratio": 0,
    "operatingIncome": 93258700000,
    "operatingIncomeRatio": 0.4421918341,
    "totalOtherIncomeExpensesNet": 0,
    "incomeBeforeTax": 93395100000,
    "incomeBeforeTaxRatio": 0.442838583,
    "incomeTaxExpense": 23986300000,
    "netIncome": 69272400000,
    "netIncomeRatio": 0.3284593245,
    "eps": 12.6,
    "epsdiluted": 12.6,
    "weightedAverageShsOut": 5497809523,
    "weightedAverageShsOutDil": 5497809523,
    "link": "https://www.sec.gov/Archives/edgar/data/1144967/000119312520205311/0001193125-20-205311-index.htm",
    "finalLink": "https://www.sec.gov/Archives/edgar/data/1144967/000119312520205311/d919165d20f.htm"
  },
  {
    "date": "2020-03-31",
    "symbol": "HDB",
    "reportedCurrency": "INR",
    "cik": "0001144967",
    "fillingDate": "2020-03-31",
    "acceptedDate": "2020-03-31 00:00:00",
    "calendarYear": "2020",
    "period": "Q4",
    "revenue": 227586000000,
    "costOfRevenue": 0,
    "grossProfit": 227586000000,
    "grossProfitRatio": 1,
    "researchAndDevelopmentExpenses": 0,
    "generalAndAdministrativeExpenses": 33768400000,
    "sellingAndMarketingExpenses": 1004391000,
    "sellingGeneralAndAdministrativeExpenses": 33768400000,
    "otherExpenses": 0,
    "operatingExpenses": 88602455000,
    "costAndExpenses": 88602455000,
    "interestIncome": 317950500000,
    "interestExpense": 155285700000,
    "depreciationAndAmortization": -96818553000,
    "ebitda": 184621455000,
    "ebitdaratio": 0.8112162216,
    "operatingIncome": 96653700000,
    "operatingIncomeRatio": 0.4246908861,
    "totalOtherIncomeExpensesNet": -29335661000,
    "incomeBeforeTax": 96818600000,
    "incomeBeforeTaxRatio": 0.4254154473,
    "incomeTaxExpense": 23851500000,
    "netIncome": 72802200000,
    "netIncomeRatio": 0.3198887454,
    "eps": 13.3,
    "epsdiluted": 13.2,
    "weightedAverageShsOut": 5517123352,
    "weightedAverageShsOutDil": 5515318181,
    "link": null,
    "finalLink": null
  }
]