[
  {
    "date": "2024-03-31",
    "symbol": "HDB",
    "reportedCurrency": "INR",
    "cik": "0001144967",
    "fillingDate": "2024-07-29",
    "acceptedDate": "2024-07-29 15:00:31",
    "calendarYear": "2024",
    "period": "FY",
    "revenue": 2538562200000,
    "costOfRevenue": 0,
    "grossProfit": 2538562200000,
    "grossProfitRatio": 1,
    "researchAndDevelopmentExpenses": 0,
    "generalAndAdministrativeExpenses": 1093364600000,
    "sellingAndMarketingExpenses": 0,
    "sellingGeneralAndAdministrativeExpenses": 1093364600000,
    "otherExpenses": 429328800000,
    "operatingExpenses": 1522693400000,
    "costAndExpenses": 1522693400000,
    "interestIncome": 2836490200000,
    "interestExpense": 1541385500000,
    "depreciationAndAmortization": 30920800000,
    "ebitda": 1046789600000,
    "ebitdaratio": 0.4123553088,
    "operatingIncome": 1015868800000,
    "operatingIncomeRatio": 0.4001748706,
    "totalOtherIncomeExpensesNet": -250182800000,
    "incomeBeforeTax": 765686000000,
    "incomeBeforeTaxRatio": 0.3016219181,
    "incomeTaxExpense": 111221000000,
    "netIncome": 640620400000,
    "netIncomeRatio": 0.2523556051,
    "eps": 90.42,
    "epsdiluted": 90.01,
    "weightedAverageShsOut": 7117213642,
    "weightedAverageShsOutDil": 7117253150,
    "link": "https://www.sec.gov/Archives/edgar/data/1144967/000119312524187406/0001193125-24-187406-index.htm",
    "finalLink": "https://www.sec.gov/Archives/edgar/data/1144967/000119312524187406/d759422d20f.htm"
  },
  {
    "date": "2023-03-31",
    "symbol": "HDB",
    "reportedCurrency": "INR",
    "cik": "0001144967",
    "fillingDate": "2023-06-29",
    "acceptedDate": "2023-06-29 07:03:56",
    "calendarYear": "2023",
    "period": "FY",
    "revenue": 1205375000000,
    "costOfRevenue": 0,
    "grossProfit": 1205375000000,
    "grossProfitRatio": 1,
    "researchAndDevelopmentExpenses": 0,
    "generalAndAdministrativeExpenses": 400219800000,
    "sellingAndMarketingExpenses": 2699500000,
    "sellingGeneralAndAdministrativeExpenses": 400219800000,
    "otherExpenses": -944030500000,
    "operatingExpenses": -543810700000,
    "costAndExpenses": -543810700000,
    "interestIncome": 1689526700000,
    "interestExpense": 775538200000,
    "depreciationAndAmortization": 23489700000,
    "ebitda": 0,
    "ebitdaratio": 0,
    "operatingIncome": 661564300000,
    "operatingIncomeRatio": 0.5488452141,
    "totalOtherIncomeExpensesNet": 47397900000,
    "incomeBeforeTax": 662381800000,
    "incomeBeforeTaxRatio": 0.5495234263,
    "incomeTaxExpense": 166117400000,
    "netIncome": 495446900000,
    "netIncomeRatio": 0.4110313388,
    "eps": 82.64,
    "epsdiluted": 82.27,
    "weightedAverageShsOut": 5590994355,
    "weightedAverageShsOutDil": 5591183656,
    "link": "https://www.sec.gov/Archives/edgar/data/1144967/000119312523177990/0001193125-23-177990-index.htm",
    "finalLink": "https://www.sec.gov/Archives/edgar/data/1144967/000119312523177990/d486922d20f.htm"
  },
  {
    "date": "2022-03-31",
    "symbol": "HDB",
    "reportedCurrency": "INR",
    "cik": "0001144967",
    "fillingDate": "2022-07-29",
    "acceptedDate": "2022-07-29 16:12:09",
    "calendarYear": "2022",
    "period": "FY",
    "revenue": 1019413700000,
    "costOfRevenue": 0,
    "grossProfit": 1019413700000,
    "grossProfitRatio": 1,
    "researchAndDevelopmentExpenses": 0,
    "generalAndAdministrativeExpenses": 320219100000,
    "sellingAndMarketingExpenses": 2625400000,
    "sellingGeneralAndAdministrativeExpenses": 320219100000,
    "otherExpenses": -821073200000,
    "operatingExpenses": -500854100000,
    "costAndExpenses": -500854100000,
    "interestIncome": 1333137000000,
    "interestExpense": 584297500000,
    "depreciationAndAmortization": 16816900000,
    "ebitda": 0,
    "ebitdaratio": 0,
    "operatingIncome": 518559600000,
    "operatingIncomeRatio": 0.5086841584,
    "totalOtherIncomeExpensesNet": 10428400000,
    "incomeBeforeTax": 519162200000,
    "incomeBeforeTaxRatio": 0.5092752824,
    "incomeTaxExpense": 132559200000,
    "netIncome": 386000400000,
    "netIncomeRatio": 0.3786494139,
    "eps": 68.77,
    "epsdiluted": 68.31,
    "weightedAverageShsOut": 5570597358,
    "weightedAverageShsOutDil": 5570933985,
    "link": "https://www.sec.gov/Archives/edgar/data/1144967/000119312522206623/0001193125-22-206623-index.htm",
    "finalLink": "https://www.sec.gov/Archives/edgar/data/1144967/000119312522206623/d249746d20f.htm"
  },
  {
    "date": "2021-03-31",
    "symbol": "HDB",
    "reportedCurrency": "INR",
    "cik": "0001144967",
    "fillingDate": "2021-07-28",
    "acceptedDate": "2021-07-28 06:18:19",
    "calendarYear": "2021",
    "period": "FY",
    "revenue": 936662200000,
    "costOfRevenue": 0,
    "grossProfit": 936662200000,
    "grossProfitRatio": 1,
    "researchAndDevelopmentExpenses": 0,
    "generalAndAdministrativeExpenses": 292978900000,
    "sellingAndMarketingExpenses": 1022500000,
    "sellingGeneralAndAdministrativeExpenses": 292978900000,
    "otherExpenses": -789843900000,
    "operatingExpenses": -496865000000,
    "costAndExpenses": -496865000000,
    "interestIncome": 1275967600000,
    "interestExpense": 592281100000,
    "depreciationAndAmortization": 13860200000,
    "ebitda": 0,
    "ebitdaratio": 0,
    "operatingIncome": 439797200000,
    "operatingIncomeRatio": 0.4695366163,
    "totalOtherIncomeExpensesNet": 11865000000,
    "incomeBeforeTax": 439826500000,
    "incomeBeforeTaxRatio": 0.4695678976,
    "incomeTaxExpense": 113820100000,
    "netIncome": 325977100000,
    "netIncomeRatio": 0.3480199158,
    "eps": 57.88,
    "epsdiluted": 57.61,
    "weightedAverageShsOut": 5525639741,
    "weightedAverageShsOutDil": 5525418243,
    "link": "https://www.sec.gov/Archives/edgar/data/1144967/000119312521226470/0001193125-21-226470-index.htm",
    "finalLink": "https://www.sec.gov/Archives/edgar/data/1144967/000119312521226470/d298173d20f.htm"
  },
  {
    "date": "2020-03-31",
    "symbol": "HDB",
    "reportedCurrency": "INR",
    "cik": "0001144967",
    "fillingDate": "2020-07-31",
    "acceptedDate": "2020-07-31 08:50:42",
    "calendarYear": "2020",
    "period": "FY",
    "revenue": 791746400000,
    "costOfRevenue": 0,
    "grossProfit": 791746400000,
    "grossProfitRatio": 1,
    "researchAndDevelopmentExpenses": 0,
    "generalAndAdministrativeExpenses": 263946300000,
    "sellingAndMarketingExpenses": 1004391000,
    "sellingGeneralAndAdministrativeExpenses": 263946300000,
    "otherExpenses": -689942800000,
    "operatingExpenses": -425996500000,
    "costAndExpenses": -425996500000,
    "interestIncome": 1211982900000,
    "interestExpense": 618455500000,
    "depreciationAndAmortization": 12800300000,
    "ebitda": 0,
    "ebitdaratio": 0,
    "operatingIncome": 365749900000,
    "operatingIncomeRatio": 0.4619533477,
    "totalOtherIncomeExpensesNet": -16104553000,
    "incomeBeforeTax": 365844000000,
    "incomeBeforeTaxRatio": 0.4620721989,
    "incomeTaxExpense": 105480000000,
    "netIncome": 260269900000,
    "netIncomeRatio": 0.3287288708,
    "eps": 49.84,
    "epsdiluted": 49.46,
    "weightedAverageShsOut": 5510301374,
    "weightedAverageShsOutDil": 5509819821,
    "link": "https://www.sec.gov/Archives/edgar/data/1144967/000119312520205311/0001193125-20-205311-index.htm",
    "finalLink": "https://www.sec.gov/Archives/edgar/data/1144967/000119312520205311/d919165d20f.htm"
  },
  {
    "date": "2019-03-31",
    "symbol": "HDB",
    "reportedCurrency": "INR",
    "cik": "0001144967",
    "fillingDate": "2019-07-31",
    "acceptedDate": "2019-07-31 07:06:46",
    "calendarYear": "2019",
    "period": "FY",
    "revenue": 667627800000,
    "costOfRevenue": 0,
    "grossProfit": 667627800000,
    "grossProfitRatio": 1,
    "researchAndDevelopmentExpenses": 0,
    "generalAndAdministrativeExpenses": 213613000000,
    "sellingAndMarketingExpenses": 1593970000,
    "sellingGeneralAndAdministrativeExpenses": 213613000000,
    "otherExpenses": -541743500000,
    "operatingExpenses": -328130500000,
    "costAndExpenses": -328130500000,
    "interestIncome": 1041714900000,
    "interestExpense": 534209300000,
    "depreciationAndAmortization": 12248800000,
    "ebitda": 0,
    "ebitdaratio": 0,
    "operatingIncome": 339497300000,
    "operatingIncomeRatio": 0.5085128271,
    "totalOtherIncomeExpensesNet": -3222629000,
    "incomeBeforeTax": 339959000000,
    "incomeBeforeTaxRatio": 0.50920438,
    "incomeTaxExpense": 119393500000,
    "netIncome": 220103800000,
    "netIncomeRatio": 0.3296803998,
    "eps": 41.66,
    "epsdiluted": 41.25,
    "weightedAverageShsOut": 5413922642,
    "weightedAverageShsOutDil": 5413343348,
    "link": "https://www.sec.gov/Archives/edgar/data/1144967/000119312519207751/0001193125-19-207751-index.htm",
    "finalLink": "https://www.sec.gov/Archives/edgar/data/1144967/000119312519207751/d707024d20f.htm"
  },
  {
    "date": "2018-03-31",
    "symbol": "HDB",
    "reportedCurrency": "INR",
    "cik": "0001144967",
    "fillingDate": "2018-07-25",
    "acceptedDate": "2018-07-25 16:32:40",
    "calendarYear": "2018",
    "period": "FY",
    "revenue": 567757600000,
    "costOfRevenue": 0,
    "grossProfit": 567757600000,
    "grossProfitRatio": 1,
    "researchAndDevelopmentExpenses": 0,
    "generalAndAdministrativeExpenses": 191756600000,
    "sellingAndMarketingExpenses": 1719205000,
    "sellingGeneralAndAdministrativeExpenses": 191756600000,
    "otherExpenses": -482726800000,
    "operatingExpenses": -290970200000,
    "costAndExpenses": -290970200000,
    "interestIncome": 843465300000,
    "interestExpense": 420314700000,
    "depreciationAndAmortization": 9679900000,
    "ebitda": 0,
    "ebitdaratio": 0,
    "operatingIncome": 276787400000,
    "operatingIncomeRatio": 0.4875098105,
    "totalOtherIncomeExpensesNet": -7532810000,
    "incomeBeforeTax": 277106400000,
    "incomeBeforeTaxRatio": 0.48807167,
    "incomeTaxExpense": 98272500000,
    "netIncome": 178514900000,
    "netIncomeRatio": 0.3144209782,
    "eps": 35.86,
    "epsdiluted": 35.38,
    "weightedAverageShsOut": 5231776349,
    "weightedAverageShsOutDil": 5232138780,
    "link": "https://www.sec.gov/Archives/edgar/data/1144967/000119312518225979/0001193125-18-225979-index.htm",
    "finalLink": "https://www.sec.gov/Archives/edgar/data/1144967/000119312518225979/d301229d20f.htm"
  },
  {
    "date": "2017-03-31",
    "symbol": "HDB",
    "reportedCurrency": "INR",
    "cik": "0001144967",
    "fillingDate": "2017-07-31",
    "acceptedDate": "2017-07-31 16:12:53",
    "calendarYear": "2017",
    "period": "FY",
    "revenue": 462121700000,
    "costOfRevenue": 0,
    "grossProfit": 462121700000,
    "grossProfitRatio": 1,
    "researchAndDevelopmentExpenses": 0,
    "generalAndAdministrativeExpenses": 167300700000,
    "sellingAndMarketingExpenses": 1523765000,
    "sellingGeneralAndAdministrativeExpenses": 167300700000,
    "otherExpenses": 0,
    "operatingExpenses": 207761821000,
    "costAndExpenses": 207761821000,
    "interestIncome": 725554300000,
    "interestExpense": 373758700000,
    "depreciationAndAmortization": 8879900000,
    "ebitda": 0,
    "ebitdaratio": 0,
    "operatingIncome": 219754700000,
    "operatingIncomeRatio": 0.4755342586,
    "totalOtherIncomeExpensesNet": -13689722000,
    "incomeBeforeTax": 219965500000,
    "incomeBeforeTaxRatio": 0.4759904155,
    "incomeTaxExpense": 79224900000,
    "netIncome": 140529800000,
    "netIncomeRatio": 0.3040969511,
    "eps": 29.92,
    "epsdiluted": 29.53,
    "weightedAverageShsOut": 5156778196,
    "weightedAverageShsOutDil": 5156778074,
    "link": "https://www.sec.gov/Archives/edgar/data/1144967/000119312517242366/0001193125-17-242366-index.htm",
    "finalLink": "https://www.sec.gov/Archives/edgar/data/1144967/000119312517242366/d348126d20f.htm"
  },
  {
    "date": "2016-03-31",
    "symbol": "HDB",
    "reportedCurrency": "INR",
    "cik": "0001144967",
    "fillingDate": "2016-07-29",
    "acceptedDate": "2016-07-29 16:04:11",
    "calendarYear": "2016",
    "period": "FY",
    "revenue": 389195400000,
    "costOfRevenue": 0,
    "grossProfit": 389195400000,
    "grossProfitRatio": 1,
    "researchAndDevelopmentExpenses": 0,
    "generalAndAdministrativeExpenses": 150540200000,
    "sellingAndMarketingExpenses": 2584338000,
    "sellingGeneralAndAdministrativeExpenses": 150540200000,
    "otherExpenses": 0,
    "operatingExpenses": 178281530000,
    "costAndExpenses": 178281530000,
    "interestIncome": 625428600000,
    "interestExpense": 333067100000,
    "depreciationAndAmortization": 7434500000,
    "ebitda": 0,
    "ebitdaratio": 0,
    "operatingIncome": 185452200000,
    "operatingIncomeRatio": 0.4765015208,
    "totalOtherIncomeExpensesNet": -9523050000,
    "incomeBeforeTax": 185586800000,
    "incomeBeforeTaxRatio": 0.4768473625,
    "incomeTaxExpense": 67536900000,
    "netIncome": 117915300000,
    "netIncomeRatio": 0.3029719776,
    "eps": 25.43,
    "epsdiluted": 25.12,
    "weightedAverageShsOut": 5096071496,
    "weightedAverageShsOutDil": 5095744880,
    "link": "https://www.sec.gov/Archives/edgar/data/1144967/000119312516664577/0001193125-16-664577-index.htm",
    "finalLink": "https://www.sec.gov/Archives/edgar/data/1144967/000119312516664577/d101064d20f.htm"
  },
  {
    "date": "2015-03-31",
    "symbol": "HDB",
    "reportedCurrency": "INR",
    "cik": "0001144967",
    "fillingDate": "2015-07-31",
    "acceptedDate": "2015-07-31 14:22:34",
    "calendarYear": "2015",
    "period": "FY",
    "revenue": 315997800000,
    "costOfRevenue": 0,
    "grossProfit": 315997800000,
    "grossProfitRatio": 1,
    "researchAndDevelopmentExpenses": 0,
    "generalAndAdministrativeExpenses": 117349000000,
    "sellingAndMarketingExpenses": 1903378000,
    "sellingGeneralAndAdministrativeExpenses": 117349000000,
    "otherExpenses": 0,
    "operatingExpenses": 145742755000,
    "costAndExpenses": 145742755000,
    "interestIncome": 500787200000,
    "interestExpense": 264610900000,
    "depreciationAndAmortization": 7124800000,
    "ebitda": 0,
    "ebitdaratio": 0,
    "operatingIncome": 153757600000,
    "operatingIncomeRatio": 0.4865780711,
    "totalOtherIncomeExpensesNet": -6769884000,
    "incomeBeforeTax": 154024600000,
    "incomeBeforeTaxRatio": 0.4874230137,
    "incomeTaxExpense": 54519900000,
    "netIncome": 99237700000,
    "netIncomeRatio": 0.3140455408,
    "eps": 22.05,
    "epsdiluted": 21.8,
    "weightedAverageShsOut": 4903161009,
    "weightedAverageShsOutDil": 4903045302,
    "link": "https://www.sec.gov/Archives/edgar/data/1144967/000119312515272714/0001193125-15-272714-index.htm",
    "finalLink": "https://www.sec.gov/Archives/edgar/data/1144967/000119312515272714/d911702d20f.htm"
  }
]