[
  {
    "date": "2024-12-31",
    "symbol": "SNY",
    "reportedCurrency": "EUR",
    "cik": "0000000000",
    "fillingDate": "2025-02-13",
    "acceptedDate": "2025-02-13 13:41:37",
    "calendarYear": "2024",
    "period": "FY",
    "revenue": 44286000000,
    "costOfRevenue": 13205000000,
    "grossProfit": 31081000000,
    "grossProfitRatio": 0.7018245044,
    "researchAndDevelopmentExpenses": 7394000000,
    "generalAndAdministrativeExpenses": 0,
    "sellingAndMarketingExpenses": 0,
    "sellingGeneralAndAdministrativeExpenses": 9183000000,
    "otherExpenses": 7252000000,
    "operatingExpenses": 23829000000,
    "costAndExpenses": 37034000000,
    "interestIncome": 413000000,
    "interestExpense": 749000000,
    "depreciationAndAmortization": 3586000000,
    "ebitda": 11033000000,
    "ebitdaratio": 0.2491306508,
    "operatingIncome": 7252000000,
    "operatingIncomeRatio": 0.1637537822,
    "totalOtherIncomeExpensesNet": -554000000,
    "incomeBeforeTax": 6698000000,
    "incomeBeforeTaxRatio": 0.1512441855,
    "incomeTaxExpense": 1204000000,
    "netIncome": 5560000000,
    "netIncomeRatio": 0.1255475771,
    "eps": 2.22,
    "epsdiluted": 2.21,
    "weightedAverageShsOut": 2502800000,
    "weightedAverageShsOutDil": 2512200000,
    "link": "https://www.sec.gov/Archives/edgar/data/1121404/000112140425000010/0001121404-25-000010-index.htm",
    "finalLink": "https://www.sec.gov/Archives/edgar/data/1121404/000112140425000010/sny-20241231.htm"
  },
  {
    "date": "2023-12-31",
    "symbol": "SNY",
    "reportedCurrency": "EUR",
    "cik": "0000000000",
    "fillingDate": "2023-12-31",
    "acceptedDate": "2023-12-29 19:00:00",
    "calendarYear": "2023",
    "period": "FY",
    "revenue": 46033000000,
    "costOfRevenue": 14236000000,
    "grossProfit": 31797000000,
    "grossProfitRatio": 0.690743597,
    "researchAndDevelopmentExpenses": 6728000000,
    "generalAndAdministrativeExpenses": 0,
    "sellingAndMarketingExpenses": 0,
    "sellingGeneralAndAdministrativeExpenses": 10765000000,
    "otherExpenses": 6449000000,
    "operatingExpenses": 23942000000,
    "costAndExpenses": 38158000000,
    "interestIncome": 546000000,
    "interestExpense": 1094000000,
    "depreciationAndAmortization": 3776000000,
    "ebitda": 11997000000,
    "ebitdaratio": 0.2606173832,
    "operatingIncome": 7875000000,
    "operatingIncomeRatio": 0.1710729259,
    "totalOtherIncomeExpensesNet": -722000000,
    "incomeBeforeTax": 7153000000,
    "incomeBeforeTaxRatio": 0.1553885256,
    "incomeTaxExpense": 1602000000,
    "netIncome": 5400000000,
    "netIncomeRatio": 0.1173071492,
    "eps": 4.31,
    "epsdiluted": 4.3,
    "weightedAverageShsOut": 1251700000,
    "weightedAverageShsOutDil": 1256400000,
    "link": "https://www.infogreffe.com/recherche-entreprise-dirigeants/resultats-entreprise-dirigeants.html?ga_cat=globale&ga_q=S.A.N#phrase=S.A.N",
    "finalLink": "https://www.infogreffe.com/recherche-entreprise-dirigeants/resultats-entreprise-dirigeants.html?ga_cat=globale&ga_q=S.A.N#phrase=S.A.N"
  },
  {
    "date": "2022-12-31",
    "symbol": "SNY",
    "reportedCurrency": "EUR",
    "cik": "0000000000",
    "fillingDate": "2022-12-31",
    "acceptedDate": "2022-12-30 19:00:00",
    "calendarYear": "2022",
    "period": "FY",
    "revenue": 45389000000,
    "costOfRevenue": 13692000000,
    "grossProfit": 31697000000,
    "grossProfitRatio": 0.6983410077,
    "researchAndDevelopmentExpenses": 6706000000,
    "generalAndAdministrativeExpenses": 0,
    "sellingAndMarketingExpenses": 0,
    "sellingGeneralAndAdministrativeExpenses": 10539000000,
    "otherExpenses": 2568000000,
    "operatingExpenses": 19813000000,
    "costAndExpenses": -7294000000,
    "interestIncome": 206000000,
    "interestExpense": 461000000,
    "depreciationAndAmortization": 3699000000,
    "ebitda": 14062000000,
    "ebitdaratio": 0.3098107471,
    "operatingIncome": 16794000000,
    "operatingIncomeRatio": 0.3700015422,
    "totalOtherIncomeExpensesNet": -166000000,
    "incomeBeforeTax": 10490000000,
    "incomeBeforeTaxRatio": 0.2311132653,
    "incomeTaxExpense": 2006000000,
    "netIncome": 8371000000,
    "netIncomeRatio": 0.1844279451,
    "eps": 6.69,
    "epsdiluted": 6.66,
    "weightedAverageShsOut": 1251900000,
    "weightedAverageShsOutDil": 1256900000,
    "link": "https://www.infogreffe.com/recherche-entreprise-dirigeants/resultats-entreprise-dirigeants.html?ga_cat=globale&ga_q=S.A.N#phrase=S.A.N",
    "finalLink": "https://www.infogreffe.com/recherche-entreprise-dirigeants/resultats-entreprise-dirigeants.html?ga_cat=globale&ga_q=S.A.N#phrase=S.A.N"
  },
  {
    "date": "2021-12-31",
    "symbol": "SNY",
    "reportedCurrency": "EUR",
    "cik": "0000000000",
    "fillingDate": "2021-12-31",
    "acceptedDate": "2021-12-30 19:00:00",
    "calendarYear": "2021",
    "period": "FY",
    "revenue": 39175000000,
    "costOfRevenue": 12255000000,
    "grossProfit": 26920000000,
    "grossProfitRatio": 0.6871729419,
    "researchAndDevelopmentExpenses": 5692000000,
    "generalAndAdministrativeExpenses": 0,
    "sellingAndMarketingExpenses": 0,
    "sellingGeneralAndAdministrativeExpenses": 9555000000,
    "otherExpenses": 2526000000,
    "operatingExpenses": 17773000000,
    "costAndExpenses": 30028000000,
    "interestIncome": 40000000,
    "interestExpense": 368000000,
    "depreciationAndAmortization": 3131000000,
    "ebitda": 11291000000,
    "ebitdaratio": 0.2882195278,
    "operatingIncome": 8126000000,
    "operatingIncomeRatio": 0.2074282068,
    "totalOtherIncomeExpensesNet": -328000000,
    "incomeBeforeTax": 7798000000,
    "incomeBeforeTaxRatio": 0.1990555201,
    "incomeTaxExpense": 1558000000,
    "netIncome": 6223000000,
    "netIncomeRatio": 0.1588513082,
    "eps": 4.97,
    "epsdiluted": 4.95,
    "weightedAverageShsOut": 1252500000,
    "weightedAverageShsOutDil": 1257900000,
    "link": "https://www.infogreffe.com/recherche-entreprise-dirigeants/resultats-entreprise-dirigeants.html?ga_cat=globale&ga_q=S.A.N#phrase=S.A.N",
    "finalLink": "https://www.infogreffe.com/recherche-entreprise-dirigeants/resultats-entreprise-dirigeants.html?ga_cat=globale&ga_q=S.A.N#phrase=S.A.N"
  },
  {
    "date": "2020-12-31",
    "symbol": "SNY",
    "reportedCurrency": "EUR",
    "cik": "0000000000",
    "fillingDate": "2020-12-31",
    "acceptedDate": "2020-12-30 19:00:00",
    "calendarYear": "2020",
    "period": "FY",
    "revenue": 37369000000,
    "costOfRevenue": 12157000000,
    "grossProfit": 25212000000,
    "grossProfitRatio": 0.6746768712,
    "researchAndDevelopmentExpenses": 5529000000,
    "generalAndAdministrativeExpenses": 0,
    "sellingAndMarketingExpenses": 9390000000,
    "sellingGeneralAndAdministrativeExpenses": 9390000000,
    "otherExpenses": 2400000000,
    "operatingExpenses": 17319000000,
    "costAndExpenses": 29476000000,
    "interestIncome": 53000000,
    "interestExpense": 390000000,
    "depreciationAndAmortization": 3272000000,
    "ebitda": 17513000000,
    "ebitdaratio": 0.4686504857,
    "operatingIncome": 8082000000,
    "operatingIncomeRatio": 0.2162755225,
    "totalOtherIncomeExpensesNet": 24000000,
    "incomeBeforeTax": 13804000000,
    "incomeBeforeTaxRatio": 0.3693970938,
    "incomeTaxExpense": 1813000000,
    "netIncome": 12294000000,
    "netIncomeRatio": 0.3289892692,
    "eps": 9.81,
    "epsdiluted": 9.76,
    "weightedAverageShsOut": 1253600000,
    "weightedAverageShsOutDil": 1260100000,
    "link": "https://www.infogreffe.com/recherche-entreprise-dirigeants/resultats-entreprise-dirigeants.html?ga_cat=globale&ga_q=S.A.N#phrase=S.A.N",
    "finalLink": "https://www.infogreffe.com/recherche-entreprise-dirigeants/resultats-entreprise-dirigeants.html?ga_cat=globale&ga_q=S.A.N#phrase=S.A.N"
  },
  {
    "date": "2019-12-31",
    "symbol": "SNY",
    "reportedCurrency": "EUR",
    "cik": "0000000000",
    "fillingDate": "2019-12-31",
    "acceptedDate": "2019-12-30 19:00:00",
    "calendarYear": "2019",
    "period": "FY",
    "revenue": 37631000000,
    "costOfRevenue": 11976000000,
    "grossProfit": 25655000000,
    "grossProfitRatio": 0.6817517472,
    "researchAndDevelopmentExpenses": 6018000000,
    "generalAndAdministrativeExpenses": 0,
    "sellingAndMarketingExpenses": 9883000000,
    "sellingGeneralAndAdministrativeExpenses": 9883000000,
    "otherExpenses": 2528000000,
    "operatingExpenses": 18429000000,
    "costAndExpenses": 30405000000,
    "interestIncome": 141000000,
    "interestExpense": 444000000,
    "depreciationAndAmortization": 3745000000,
    "ebitda": 7111000000,
    "ebitdaratio": 0.1889665435,
    "operatingIncome": 7694000000,
    "operatingIncomeRatio": 0.2044590896,
    "totalOtherIncomeExpensesNet": -229000000,
    "incomeBeforeTax": 2822000000,
    "incomeBeforeTaxRatio": 0.0749913635,
    "incomeTaxExpense": 139000000,
    "netIncome": 2806000000,
    "netIncomeRatio": 0.0745661821,
    "eps": 2.33,
    "epsdiluted": 2.31,
    "weightedAverageShsOut": 1249900000,
    "weightedAverageShsOutDil": 1257100000,
    "link": "https://www.infogreffe.com/recherche-entreprise-dirigeants/resultats-entreprise-dirigeants.html?ga_cat=globale&ga_q=S.A.N#phrase=S.A.N",
    "finalLink": "https://www.infogreffe.com/recherche-entreprise-dirigeants/resultats-entreprise-dirigeants.html?ga_cat=globale&ga_q=S.A.N#phrase=S.A.N"
  },
  {
    "date": "2018-12-31",
    "symbol": "SNY",
    "reportedCurrency": "EUR",
    "cik": "0000000000",
    "fillingDate": "2018-12-31",
    "acceptedDate": "2018-12-30 19:00:00",
    "calendarYear": "2018",
    "period": "FY",
    "revenue": 35677000000,
    "costOfRevenue": 11321000000,
    "grossProfit": 24356000000,
    "grossProfitRatio": 0.6826807187,
    "researchAndDevelopmentExpenses": 6350000000,
    "generalAndAdministrativeExpenses": 75000000,
    "sellingAndMarketingExpenses": 9859000000,
    "sellingGeneralAndAdministrativeExpenses": 9934000000,
    "otherExpenses": 1703000000,
    "operatingExpenses": 17987000000,
    "costAndExpenses": -7732000000,
    "interestIncome": 164000000,
    "interestExpense": 495000000,
    "depreciationAndAmortization": 3464000000,
    "ebitda": 9363000000,
    "ebitdaratio": 0.2624379853,
    "operatingIncome": 12430000000,
    "operatingIncomeRatio": 0.3484037335,
    "totalOtherIncomeExpensesNet": 228000000,
    "incomeBeforeTax": 4904000000,
    "incomeBeforeTaxRatio": 0.1374555035,
    "incomeTaxExpense": 481000000,
    "netIncome": 4306000000,
    "netIncomeRatio": 0.1206940045,
    "eps": 3.45,
    "epsdiluted": 3.43,
    "weightedAverageShsOut": 1247100000,
    "weightedAverageShsOutDil": 1255523255,
    "link": "https://www.infogreffe.com/recherche-entreprise-dirigeants/resultats-entreprise-dirigeants.html?ga_cat=globale&ga_q=S.A.N#phrase=S.A.N",
    "finalLink": "https://www.infogreffe.com/recherche-entreprise-dirigeants/resultats-entreprise-dirigeants.html?ga_cat=globale&ga_q=S.A.N#phrase=S.A.N"
  },
  {
    "date": "2017-12-31",
    "symbol": "SNY",
    "reportedCurrency": "EUR",
    "cik": "0000000000",
    "fillingDate": "2017-12-31",
    "acceptedDate": "2017-12-30 19:00:00",
    "calendarYear": "2017",
    "period": "FY",
    "revenue": 36221000000,
    "costOfRevenue": 11447000000,
    "grossProfit": 24774000000,
    "grossProfitRatio": 0.6839678639,
    "researchAndDevelopmentExpenses": 5567000000,
    "generalAndAdministrativeExpenses": 106000000,
    "sellingAndMarketingExpenses": 10058000000,
    "sellingGeneralAndAdministrativeExpenses": 10164000000,
    "otherExpenses": 1661000000,
    "operatingExpenses": 17392000000,
    "costAndExpenses": -7421000000,
    "interestIncome": 147000000,
    "interestExpense": 420000000,
    "depreciationAndAmortization": 3152000000,
    "ebitda": 10280000000,
    "ebitdaratio": 0.2838132575,
    "operatingIncome": 12006000000,
    "operatingIncomeRatio": 0.3314651721,
    "totalOtherIncomeExpensesNet": -188000000,
    "incomeBeforeTax": 5616000000,
    "incomeBeforeTaxRatio": 0.1550481765,
    "incomeTaxExpense": 1722000000,
    "netIncome": 3894000000,
    "netIncomeRatio": 0.107506695,
    "eps": 3.08,
    "epsdiluted": 3.07,
    "weightedAverageShsOut": 1266107382,
    "weightedAverageShsOutDil": 1266800000,
    "link": "https://www.infogreffe.com/recherche-entreprise-dirigeants/resultats-entreprise-dirigeants.html?ga_cat=globale&ga_q=S.A.N#phrase=S.A.N",
    "finalLink": "https://www.infogreffe.com/recherche-entreprise-dirigeants/resultats-entreprise-dirigeants.html?ga_cat=globale&ga_q=S.A.N#phrase=S.A.N"
  },
  {
    "date": "2016-12-31",
    "symbol": "SNY",
    "reportedCurrency": "EUR",
    "cik": "0000000000",
    "fillingDate": "2016-12-31",
    "acceptedDate": "2016-12-30 19:00:00",
    "calendarYear": "2016",
    "period": "FY",
    "revenue": 34696000000,
    "costOfRevenue": 10701000000,
    "grossProfit": 23995000000,
    "grossProfitRatio": 0.6915782799,
    "researchAndDevelopmentExpenses": 5232000000,
    "generalAndAdministrativeExpenses": 106000000,
    "sellingAndMarketingExpenses": 9486000000,
    "sellingGeneralAndAdministrativeExpenses": 9592000000,
    "otherExpenses": 1653000000,
    "operatingExpenses": 16477000000,
    "costAndExpenses": -7179000000,
    "interestIncome": 68000000,
    "interestExpense": 924000000,
    "depreciationAndAmortization": 2990000000,
    "ebitda": 10359000000,
    "ebitdaratio": 0.298564676,
    "operatingIncome": 12341000000,
    "operatingIncomeRatio": 0.3556894166,
    "totalOtherIncomeExpensesNet": -720000000,
    "incomeBeforeTax": 5811000000,
    "incomeBeforeTaxRatio": 0.1674832834,
    "incomeTaxExpense": 1325000000,
    "netIncome": 4709000000,
    "netIncomeRatio": 0.135721697,
    "eps": 3.42,
    "epsdiluted": 3.39,
    "weightedAverageShsOut": 1286600000,
    "weightedAverageShsOutDil": 1296460176,
    "link": "https://www.infogreffe.com/recherche-entreprise-dirigeants/resultats-entreprise-dirigeants.html?ga_cat=globale&ga_q=S.A.N#phrase=S.A.N",
    "finalLink": "https://www.infogreffe.com/recherche-entreprise-dirigeants/resultats-entreprise-dirigeants.html?ga_cat=globale&ga_q=S.A.N#phrase=S.A.N"
  },
  {
    "date": "2015-12-31",
    "symbol": "SNY",
    "reportedCurrency": "EUR",
    "cik": "0000000000",
    "fillingDate": "2015-12-31",
    "acceptedDate": "2015-12-30 19:00:00",
    "calendarYear": "2015",
    "period": "FY",
    "revenue": 34861000000,
    "costOfRevenue": 10919000000,
    "grossProfit": 23942000000,
    "grossProfitRatio": 0.6867846591,
    "researchAndDevelopmentExpenses": 5082000000,
    "generalAndAdministrativeExpenses": 114000000,
    "sellingAndMarketingExpenses": 9382000000,
    "sellingGeneralAndAdministrativeExpenses": 9496000000,
    "otherExpenses": 2231000000,
    "operatingExpenses": 16809000000,
    "costAndExpenses": -7443000000,
    "interestIncome": 178000000,
    "interestExpense": 559000000,
    "depreciationAndAmortization": -2477000000,
    "ebitda": 10234000000,
    "ebitdaratio": 0.2935658759,
    "operatingIncome": 12711000000,
    "operatingIncomeRatio": 0.3646194888,
    "totalOtherIncomeExpensesNet": -403000000,
    "incomeBeforeTax": 5221000000,
    "incomeBeforeTaxRatio": 0.1497662144,
    "incomeTaxExpense": 709000000,
    "netIncome": 4287000000,
    "netIncomeRatio": 0.1229740971,
    "eps": 3.38,
    "epsdiluted": 3.34,
    "weightedAverageShsOut": 1320658682,
    "weightedAverageShsOutDil": 1320700000,
    "link": "https://www.infogreffe.com/recherche-entreprise-dirigeants/resultats-entreprise-dirigeants.html?ga_cat=globale&ga_q=S.A.N#phrase=S.A.N",
    "finalLink": "https://www.infogreffe.com/recherche-entreprise-dirigeants/resultats-entreprise-dirigeants.html?ga_cat=globale&ga_q=S.A.N#phrase=S.A.N"
  }
]