[
  {
    "date": "2024-12-31",
    "symbol": "SNY",
    "reportedCurrency": "EUR",
    "cik": "0000000000",
    "fillingDate": "2025-01-30",
    "acceptedDate": "2025-01-30 09:50:49",
    "calendarYear": "2024",
    "period": "Q4",
    "revenue": 7631000000,
    "costOfRevenue": 2271000000,
    "grossProfit": 5360000000,
    "grossProfitRatio": 0.702398113,
    "researchAndDevelopmentExpenses": 2119000000,
    "generalAndAdministrativeExpenses": 0,
    "sellingAndMarketingExpenses": 0,
    "sellingGeneralAndAdministrativeExpenses": 1242000000,
    "otherExpenses": 1426000000,
    "operatingExpenses": 4787000000,
    "costAndExpenses": 7058000000,
    "interestIncome": 0,
    "interestExpense": 0,
    "depreciationAndAmortization": 209000000,
    "ebitda": 563000000,
    "ebitdaratio": 0.0737780107,
    "operatingIncome": 573000000,
    "operatingIncomeRatio": 0.075088455,
    "totalOtherIncomeExpensesNet": -117000000,
    "incomeBeforeTax": 456000000,
    "incomeBeforeTaxRatio": 0.0597562574,
    "incomeTaxExpense": 4000000,
    "netIncome": 499000000,
    "netIncomeRatio": 0.0653911676,
    "eps": 0.4,
    "epsdiluted": 0.4,
    "weightedAverageShsOut": 1253000000,
    "weightedAverageShsOutDil": 1253000000,
    "link": "https://www.sec.gov/Archives/edgar/data/1121404/000112140425000002/0001121404-25-000002-index.htm",
    "finalLink": "https://www.sec.gov/Archives/edgar/data/1121404/000112140425000002/pressreleaseq42024english.htm"
  },
  {
    "date": "2024-09-30",
    "symbol": "SNY",
    "reportedCurrency": "EUR",
    "cik": "0000000000",
    "fillingDate": "2024-09-30",
    "acceptedDate": "2024-09-29 20:00:00",
    "calendarYear": "2024",
    "period": "Q3",
    "revenue": 14157000000,
    "costOfRevenue": 4085000000,
    "grossProfit": 10072000000,
    "grossProfitRatio": 0.711450166,
    "researchAndDevelopmentExpenses": 1852000000,
    "generalAndAdministrativeExpenses": 0,
    "sellingAndMarketingExpenses": 0,
    "sellingGeneralAndAdministrativeExpenses": 2681000000,
    "otherExpenses": 1904000000,
    "operatingExpenses": 6437000000,
    "costAndExpenses": 10522000000,
    "interestIncome": 133000000,
    "interestExpense": 265000000,
    "depreciationAndAmortization": 479000000,
    "ebitda": 4247000000,
    "ebitdaratio": 0.2999929364,
    "operatingIncome": 3635000000,
    "operatingIncomeRatio": 0.2567634386,
    "totalOtherIncomeExpensesNet": -132000000,
    "incomeBeforeTax": 3503000000,
    "incomeBeforeTaxRatio": 0.2474394293,
    "incomeTaxExpense": 737000000,
    "netIncome": 2815000000,
    "netIncomeRatio": 0.1988415625,
    "eps": 2.25,
    "epsdiluted": 2.25,
    "weightedAverageShsOut": 1253000000,
    "weightedAverageShsOutDil": 1253000000,
    "link": "https://www.infogreffe.com/recherche-entreprise-dirigeants/resultats-entreprise-dirigeants.html?ga_cat=globale&ga_q=S.A.N#phrase=S.A.N",
    "finalLink": "https://www.infogreffe.com/recherche-entreprise-dirigeants/resultats-entreprise-dirigeants.html?ga_cat=globale&ga_q=S.A.N#phrase=S.A.N"
  },
  {
    "date": "2024-06-30",
    "symbol": "SNY",
    "reportedCurrency": "EUR",
    "cik": "0000000000",
    "fillingDate": "2024-06-30",
    "acceptedDate": "2024-06-28 20:00:00",
    "calendarYear": "2024",
    "period": "Q2",
    "revenue": 11380000000,
    "costOfRevenue": 3391000000,
    "grossProfit": 7989000000,
    "grossProfitRatio": 0.7020210896,
    "researchAndDevelopmentExpenses": 1717000000,
    "generalAndAdministrativeExpenses": 0,
    "sellingAndMarketingExpenses": 0,
    "sellingGeneralAndAdministrativeExpenses": 2695000000,
    "otherExpenses": 1982000000,
    "operatingExpenses": 6629000000,
    "costAndExpenses": 10020000000,
    "interestIncome": 56000000,
    "interestExpense": 135000000,
    "depreciationAndAmortization": 882000000,
    "ebitda": 2510000000,
    "ebitdaratio": 0.2205623902,
    "operatingIncome": 1628000000,
    "operatingIncomeRatio": 0.1430579965,
    "totalOtherIncomeExpensesNet": -179000000,
    "incomeBeforeTax": 1416000000,
    "incomeBeforeTaxRatio": 0.1244288225,
    "incomeTaxExpense": 299000000,
    "netIncome": 1113000000,
    "netIncomeRatio": 0.0978031634,
    "eps": 0.89,
    "epsdiluted": 0.88,
    "weightedAverageShsOut": 1249400000,
    "weightedAverageShsOutDil": 1253800000,
    "link": "https://www.infogreffe.com/recherche-entreprise-dirigeants/resultats-entreprise-dirigeants.html?ga_cat=globale&ga_q=S.A.N#phrase=S.A.N",
    "finalLink": "https://www.infogreffe.com/recherche-entreprise-dirigeants/resultats-entreprise-dirigeants.html?ga_cat=globale&ga_q=S.A.N#phrase=S.A.N"
  },
  {
    "date": "2024-03-31",
    "symbol": "SNY",
    "reportedCurrency": "EUR",
    "cik": "0000000000",
    "fillingDate": "2024-03-31",
    "acceptedDate": "2024-03-30 20:00:00",
    "calendarYear": "2024",
    "period": "Q1",
    "revenue": 11118000000,
    "costOfRevenue": 3439000000,
    "grossProfit": 7679000000,
    "grossProfitRatio": 0.6906817773,
    "researchAndDevelopmentExpenses": 1719000000,
    "generalAndAdministrativeExpenses": 0,
    "sellingAndMarketingExpenses": 0,
    "sellingGeneralAndAdministrativeExpenses": 2605000000,
    "otherExpenses": 0,
    "operatingExpenses": 6267000000,
    "costAndExpenses": 9706000000,
    "interestIncome": 102000000,
    "interestExpense": 253000000,
    "depreciationAndAmortization": 829500000,
    "ebitda": 2861500000,
    "ebitdaratio": 0.2573754272,
    "operatingIncome": 2032000000,
    "operatingIncomeRatio": 0.1827666847,
    "totalOtherIncomeExpensesNet": -139000000,
    "incomeBeforeTax": 1310000000,
    "incomeBeforeTaxRatio": 0.1178269473,
    "incomeTaxExpense": 164000000,
    "netIncome": 1133000000,
    "netIncomeRatio": 0.1019068178,
    "eps": 0.91,
    "epsdiluted": 0.91,
    "weightedAverageShsOut": 1248800000,
    "weightedAverageShsOutDil": 1248800000,
    "link": "https://www.infogreffe.com/recherche-entreprise-dirigeants/resultats-entreprise-dirigeants.html?ga_cat=globale&ga_q=S.A.N#phrase=S.A.N",
    "finalLink": "https://www.infogreffe.com/recherche-entreprise-dirigeants/resultats-entreprise-dirigeants.html?ga_cat=globale&ga_q=S.A.N#phrase=S.A.N"
  },
  {
    "date": "2023-12-31",
    "symbol": "SNY",
    "reportedCurrency": "EUR",
    "cik": "0000000000",
    "fillingDate": "2023-12-31",
    "acceptedDate": "2023-12-30 19:00:00",
    "calendarYear": "2023",
    "period": "Q4",
    "revenue": 22883000000,
    "costOfRevenue": 8201000000,
    "grossProfit": 14682000000,
    "grossProfitRatio": 0.6416116768,
    "researchAndDevelopmentExpenses": 3535000000,
    "generalAndAdministrativeExpenses": 0,
    "sellingAndMarketingExpenses": 0,
    "sellingGeneralAndAdministrativeExpenses": 5510000000,
    "otherExpenses": 0,
    "operatingExpenses": 9045000000,
    "costAndExpenses": 17246000000,
    "interestIncome": 330000000,
    "interestExpense": 1085000000,
    "depreciationAndAmortization": 2991000000,
    "ebitda": 1644500000,
    "ebitdaratio": 0.0718655771,
    "operatingIncome": 5637000000,
    "operatingIncomeRatio": 0.2463400778,
    "totalOtherIncomeExpensesNet": -463000000,
    "incomeBeforeTax": 2915000000,
    "incomeBeforeTaxRatio": 0.1273871433,
    "incomeTaxExpense": 872000000,
    "netIncome": -555000000,
    "netIncomeRatio": -0.0242538129,
    "eps": -0.44,
    "epsdiluted": -0.44,
    "weightedAverageShsOut": 1253600000,
    "weightedAverageShsOutDil": 1253600000,
    "link": "https://www.infogreffe.com/recherche-entreprise-dirigeants/resultats-entreprise-dirigeants.html?ga_cat=globale&ga_q=S.A.N#phrase=S.A.N",
    "finalLink": "https://www.infogreffe.com/recherche-entreprise-dirigeants/resultats-entreprise-dirigeants.html?ga_cat=globale&ga_q=S.A.N#phrase=S.A.N"
  },
  {
    "date": "2023-09-30",
    "symbol": "SNY",
    "reportedCurrency": "EUR",
    "cik": "0000000000",
    "fillingDate": "2023-09-30",
    "acceptedDate": "2023-09-29 20:00:00",
    "calendarYear": "2023",
    "period": "Q3",
    "revenue": 12698000000,
    "costOfRevenue": 3841000000,
    "grossProfit": 8857000000,
    "grossProfitRatio": 0.6975114191,
    "researchAndDevelopmentExpenses": 1663000000,
    "generalAndAdministrativeExpenses": 0,
    "sellingAndMarketingExpenses": 0,
    "sellingGeneralAndAdministrativeExpenses": 2579000000,
    "otherExpenses": 0,
    "operatingExpenses": 5402000000,
    "costAndExpenses": 9243000000,
    "interestIncome": 143000000,
    "interestExpense": 318000000,
    "depreciationAndAmortization": 562000000,
    "ebitda": 3916000000,
    "ebitdaratio": 0.3083950228,
    "operatingIncome": 3211000000,
    "operatingIncomeRatio": 0.2528744684,
    "totalOtherIncomeExpensesNet": -175000000,
    "incomeBeforeTax": 3036000000,
    "incomeBeforeTaxRatio": 0.2390927705,
    "incomeTaxExpense": 563000000,
    "netIncome": 2525000000,
    "netIncomeRatio": 0.1988502126,
    "eps": 2.01,
    "epsdiluted": 2.01,
    "weightedAverageShsOut": 1253200000,
    "weightedAverageShsOutDil": 1253200000,
    "link": "https://www.infogreffe.com/recherche-entreprise-dirigeants/resultats-entreprise-dirigeants.html?ga_cat=globale&ga_q=S.A.N#phrase=S.A.N",
    "finalLink": "https://www.infogreffe.com/recherche-entreprise-dirigeants/resultats-entreprise-dirigeants.html?ga_cat=globale&ga_q=S.A.N#phrase=S.A.N"
  },
  {
    "date": "2023-06-30",
    "symbol": "SNY",
    "reportedCurrency": "EUR",
    "cik": "0000000000",
    "fillingDate": "2023-06-30",
    "acceptedDate": "2023-06-29 20:00:00",
    "calendarYear": "2023",
    "period": "Q2",
    "revenue": 10682000000,
    "costOfRevenue": 3268000000,
    "grossProfit": 7414000000,
    "grossProfitRatio": 0.6940647819,
    "researchAndDevelopmentExpenses": 1630000000,
    "generalAndAdministrativeExpenses": 0,
    "sellingAndMarketingExpenses": 0,
    "sellingGeneralAndAdministrativeExpenses": 2575000000,
    "otherExpenses": 0,
    "operatingExpenses": 5252000000,
    "costAndExpenses": 8520000000,
    "interestIncome": 125000000,
    "interestExpense": 202000000,
    "depreciationAndAmortization": 1860000000,
    "ebitda": 6326000000,
    "ebitdaratio": 0.5922111964,
    "operatingIncome": 1859000000,
    "operatingIncomeRatio": 0.1740310803,
    "totalOtherIncomeExpensesNet": -141000000,
    "incomeBeforeTax": 1782000000,
    "incomeBeforeTaxRatio": 0.1668226924,
    "incomeTaxExpense": 271000000,
    "netIncome": 1435000000,
    "netIncomeRatio": 0.1343381389,
    "eps": 1.15,
    "epsdiluted": 1.15,
    "weightedAverageShsOut": 1250600000,
    "weightedAverageShsOutDil": 1250600000,
    "link": "https://www.infogreffe.com/recherche-entreprise-dirigeants/resultats-entreprise-dirigeants.html?ga_cat=globale&ga_q=S.A.N#phrase=S.A.N",
    "finalLink": "https://www.infogreffe.com/recherche-entreprise-dirigeants/resultats-entreprise-dirigeants.html?ga_cat=globale&ga_q=S.A.N#phrase=S.A.N"
  },
  {
    "date": "2023-03-31",
    "symbol": "SNY",
    "reportedCurrency": "EUR",
    "cik": "0000000000",
    "fillingDate": "2023-03-31",
    "acceptedDate": "2023-03-30 20:00:00",
    "calendarYear": "2023",
    "period": "Q1",
    "revenue": 10863000000,
    "costOfRevenue": 3079000000,
    "grossProfit": 7784000000,
    "grossProfitRatio": 0.7165608027,
    "researchAndDevelopmentExpenses": 1563000000,
    "generalAndAdministrativeExpenses": 0,
    "sellingAndMarketingExpenses": 0,
    "sellingGeneralAndAdministrativeExpenses": 2607000000,
    "otherExpenses": 793000000,
    "operatingExpenses": 4963000000,
    "costAndExpenses": -2230000000,
    "interestIncome": 161000000,
    "interestExpense": 168000000,
    "depreciationAndAmortization": 489000000,
    "ebitda": 3577000000,
    "ebitdaratio": 0.3292828869,
    "operatingIncome": 4139000000,
    "operatingIncomeRatio": 0.381018135,
    "totalOtherIncomeExpensesNet": 5000000,
    "incomeBeforeTax": 2468000000,
    "incomeBeforeTaxRatio": 0.2271932247,
    "incomeTaxExpense": 459000000,
    "netIncome": 1995000000,
    "netIncomeRatio": 0.1836509252,
    "eps": 1.6,
    "epsdiluted": 1.6,
    "weightedAverageShsOut": 1249300000,
    "weightedAverageShsOutDil": 1249300204,
    "link": "https://www.infogreffe.com/recherche-entreprise-dirigeants/resultats-entreprise-dirigeants.html?ga_cat=globale&ga_q=S.A.N#phrase=S.A.N",
    "finalLink": "https://www.infogreffe.com/recherche-entreprise-dirigeants/resultats-entreprise-dirigeants.html?ga_cat=globale&ga_q=S.A.N#phrase=S.A.N"
  },
  {
    "date": "2022-12-31",
    "symbol": "SNY",
    "reportedCurrency": "EUR",
    "cik": "0000000000",
    "fillingDate": "2022-12-31",
    "acceptedDate": "2022-12-30 19:00:00",
    "calendarYear": "2022",
    "period": "Q4",
    "revenue": 11456000000,
    "costOfRevenue": 3731000000,
    "grossProfit": 7725000000,
    "grossProfitRatio": 0.6743191341,
    "researchAndDevelopmentExpenses": 1823000000,
    "generalAndAdministrativeExpenses": 0,
    "sellingAndMarketingExpenses": 0,
    "sellingGeneralAndAdministrativeExpenses": 2942000000,
    "otherExpenses": 590000000,
    "operatingExpenses": 5355000000,
    "costAndExpenses": 99000000,
    "interestIncome": 120000000,
    "interestExpense": 180000000,
    "depreciationAndAmortization": 1612000000,
    "ebitda": 2417000000,
    "ebitdaratio": 0.2109811453,
    "operatingIncome": 3467000000,
    "operatingIncomeRatio": 0.3026361732,
    "totalOtherIncomeExpensesNet": 611000000,
    "incomeBeforeTax": 4078000000,
    "incomeBeforeTaxRatio": 0.3559706704,
    "incomeTaxExpense": 910000000,
    "netIncome": 3111000000,
    "netIncomeRatio": 0.2715607542,
    "eps": 4.14,
    "epsdiluted": 4.12,
    "weightedAverageShsOut": 1252640466,
    "weightedAverageShsOutDil": 1257884169,
    "link": "https://www.infogreffe.com/recherche-entreprise-dirigeants/resultats-entreprise-dirigeants.html?ga_cat=globale&ga_q=S.A.N#phrase=S.A.N",
    "finalLink": "https://www.infogreffe.com/recherche-entreprise-dirigeants/resultats-entreprise-dirigeants.html?ga_cat=globale&ga_q=S.A.N#phrase=S.A.N"
  },
  {
    "date": "2022-09-30",
    "symbol": "SNY",
    "reportedCurrency": "EUR",
    "cik": "0000000000",
    "fillingDate": "2022-09-30",
    "acceptedDate": "2022-09-29 20:00:00",
    "calendarYear": "2022",
    "period": "Q3",
    "revenue": 13138000000,
    "costOfRevenue": 3831000000,
    "grossProfit": 9307000000,
    "grossProfitRatio": 0.7084031055,
    "researchAndDevelopmentExpenses": 1736000000,
    "generalAndAdministrativeExpenses": 0,
    "sellingAndMarketingExpenses": 0,
    "sellingGeneralAndAdministrativeExpenses": 2644000000,
    "otherExpenses": 280000000,
    "operatingExpenses": 4660000000,
    "costAndExpenses": -2745000000,
    "interestIncome": 52000000,
    "interestExpense": 103000000,
    "depreciationAndAmortization": 460000000,
    "ebitda": 5323500000,
    "ebitdaratio": 0.4051986604,
    "operatingIncome": 5835500000,
    "operatingIncomeRatio": 0.4441695844,
    "totalOtherIncomeExpensesNet": -44000000,
    "incomeBeforeTax": 2680000000,
    "incomeBeforeTaxRatio": 0.2039884305,
    "incomeTaxExpense": 601000000,
    "netIncome": 2076000000,
    "netIncomeRatio": 0.1580149186,
    "eps": 1.66,
    "epsdiluted": 1.66,
    "weightedAverageShsOut": 1253500000,
    "weightedAverageShsOutDil": 1253500563,
    "link": "https://www.infogreffe.com/recherche-entreprise-dirigeants/resultats-entreprise-dirigeants.html?ga_cat=globale&ga_q=S.A.N#phrase=S.A.N",
    "finalLink": "https://www.infogreffe.com/recherche-entreprise-dirigeants/resultats-entreprise-dirigeants.html?ga_cat=globale&ga_q=S.A.N#phrase=S.A.N"
  },
  {
    "date": "2022-06-30",
    "symbol": "SNY",
    "reportedCurrency": "EUR",
    "cik": "0000000000",
    "fillingDate": "2022-06-30",
    "acceptedDate": "2022-06-29 20:00:00",
    "calendarYear": "2022",
    "period": "Q2",
    "revenue": 10742000000,
    "costOfRevenue": 3250000000,
    "grossProfit": 7492000000,
    "grossProfitRatio": 0.6974492646,
    "researchAndDevelopmentExpenses": 1724000000,
    "generalAndAdministrativeExpenses": 0,
    "sellingAndMarketingExpenses": 0,
    "sellingGeneralAndAdministrativeExpenses": 2600000000,
    "otherExpenses": 892000000,
    "operatingExpenses": 5216000000,
    "costAndExpenses": -2784000000,
    "interestIncome": 24000000,
    "interestExpense": 101000000,
    "depreciationAndAmortization": 1828000000,
    "ebitda": 5678000000,
    "ebitdaratio": 0.5285794079,
    "operatingIncome": 3480000000,
    "operatingIncomeRatio": 0.3239620182,
    "totalOtherIncomeExpensesNet": -49000000,
    "incomeBeforeTax": 1383000000,
    "incomeBeforeTaxRatio": 0.1287469745,
    "incomeTaxExpense": 163000000,
    "netIncome": 1175000000,
    "netIncomeRatio": 0.1093837274,
    "eps": 0.94,
    "epsdiluted": 0.94,
    "weightedAverageShsOut": 1250800000,
    "weightedAverageShsOutDil": 1250801044,
    "link": "https://www.infogreffe.com/recherche-entreprise-dirigeants/resultats-entreprise-dirigeants.html?ga_cat=globale&ga_q=S.A.N#phrase=S.A.N",
    "finalLink": "https://www.infogreffe.com/recherche-entreprise-dirigeants/resultats-entreprise-dirigeants.html?ga_cat=globale&ga_q=S.A.N#phrase=S.A.N"
  },
  {
    "date": "2022-03-31",
    "symbol": "SNY",
    "reportedCurrency": "EUR",
    "cik": "0000000000",
    "fillingDate": "2022-03-31",
    "acceptedDate": "2022-03-30 20:00:00",
    "calendarYear": "2022",
    "period": "Q1",
    "revenue": 10053000000,
    "costOfRevenue": 2880000000,
    "grossProfit": 7173000000,
    "grossProfitRatio": 0.7135183527,
    "researchAndDevelopmentExpenses": 1489000000,
    "generalAndAdministrativeExpenses": 0,
    "sellingAndMarketingExpenses": 0,
    "sellingGeneralAndAdministrativeExpenses": 2379000000,
    "otherExpenses": 714000000,
    "operatingExpenses": 4582000000,
    "costAndExpenses": -1866000000,
    "interestIncome": 10000000,
    "interestExpense": 88000000,
    "depreciationAndAmortization": 449000000,
    "ebitda": 3244500000,
    "ebitdaratio": 0.3227394808,
    "operatingIncome": 3703500000,
    "operatingIncomeRatio": 0.3683974933,
    "totalOtherIncomeExpensesNet": -48000000,
    "incomeBeforeTax": 2349000000,
    "incomeBeforeTaxRatio": 0.2336615936,
    "incomeTaxExpense": 332000000,
    "netIncome": 2009000000,
    "netIncomeRatio": 0.1998408435,
    "eps": 1.61,
    "epsdiluted": 1.61,
    "weightedAverageShsOut": 1249200000,
    "weightedAverageShsOutDil": 1249200207,
    "link": "https://www.infogreffe.com/recherche-entreprise-dirigeants/resultats-entreprise-dirigeants.html?ga_cat=globale&ga_q=S.A.N#phrase=S.A.N",
    "finalLink": "https://www.infogreffe.com/recherche-entreprise-dirigeants/resultats-entreprise-dirigeants.html?ga_cat=globale&ga_q=S.A.N#phrase=S.A.N"
  },
  {
    "date": "2021-12-31",
    "symbol": "SNY",
    "reportedCurrency": "EUR",
    "cik": "0000000000",
    "fillingDate": "2021-12-31",
    "acceptedDate": "2021-12-30 19:00:00",
    "calendarYear": "2021",
    "period": "Q4",
    "revenue": 10415000000,
    "costOfRevenue": 3472000000,
    "grossProfit": 6943000000,
    "grossProfitRatio": 0.6666346615,
    "researchAndDevelopmentExpenses": 1586000000,
    "generalAndAdministrativeExpenses": 0,
    "sellingAndMarketingExpenses": 0,
    "sellingGeneralAndAdministrativeExpenses": 2802000000,
    "otherExpenses": 731000000,
    "operatingExpenses": 5119000000,
    "costAndExpenses": -1951000000,
    "interestIncome": 10000000,
    "interestExpense": 127000000,
    "depreciationAndAmortization": 1631000000,
    "ebitda": 1911500000,
    "ebitdaratio": 0.1835333653,
    "operatingIncome": 2921500000,
    "operatingIncomeRatio": 0.2805088814,
    "totalOtherIncomeExpensesNet": -64000000,
    "incomeBeforeTax": 1407000000,
    "incomeBeforeTaxRatio": 0.135093615,
    "incomeTaxExpense": 267000000,
    "netIncome": 1131000000,
    "netIncomeRatio": 0.1085933749,
    "eps": 0.91,
    "epsdiluted": 0.91,
    "weightedAverageShsOut": 1254900000,
    "weightedAverageShsOutDil": 1254900218,
    "link": "https://www.infogreffe.com/recherche-entreprise-dirigeants/resultats-entreprise-dirigeants.html?ga_cat=globale&ga_q=S.A.N#phrase=S.A.N",
    "finalLink": "https://www.infogreffe.com/recherche-entreprise-dirigeants/resultats-entreprise-dirigeants.html?ga_cat=globale&ga_q=S.A.N#phrase=S.A.N"
  },
  {
    "date": "2021-09-30",
    "symbol": "SNY",
    "reportedCurrency": "EUR",
    "cik": "0000000000",
    "fillingDate": "2021-09-30",
    "acceptedDate": "2021-09-29 20:00:00",
    "calendarYear": "2021",
    "period": "Q3",
    "revenue": 10829000000,
    "costOfRevenue": 3238000000,
    "grossProfit": 7591000000,
    "grossProfitRatio": 0.7009880875,
    "researchAndDevelopmentExpenses": 1443000000,
    "generalAndAdministrativeExpenses": 0,
    "sellingAndMarketingExpenses": 0,
    "sellingGeneralAndAdministrativeExpenses": 2267000000,
    "otherExpenses": 674000000,
    "operatingExpenses": 4384000000,
    "costAndExpenses": -1316000000,
    "interestIncome": 2000000,
    "interestExpense": 87000000,
    "depreciationAndAmortization": 385000000,
    "ebitda": 3924750000,
    "ebitdaratio": 0.3624295872,
    "operatingIncome": 4311750000,
    "operatingIncomeRatio": 0.3981669591,
    "totalOtherIncomeExpensesNet": -85000000,
    "incomeBeforeTax": 2952000000,
    "incomeBeforeTaxRatio": 0.2726013482,
    "incomeTaxExpense": 609000000,
    "netIncome": 2317000000,
    "netIncomeRatio": 0.2139625081,
    "eps": 1.85,
    "epsdiluted": 1.85,
    "weightedAverageShsOut": 1254500000,
    "weightedAverageShsOutDil": 1254500663,
    "link": "https://www.infogreffe.com/recherche-entreprise-dirigeants/resultats-entreprise-dirigeants.html?ga_cat=globale&ga_q=S.A.N#phrase=S.A.N",
    "finalLink": "https://www.infogreffe.com/recherche-entreprise-dirigeants/resultats-entreprise-dirigeants.html?ga_cat=globale&ga_q=S.A.N#phrase=S.A.N"
  },
  {
    "date": "2021-06-30",
    "symbol": "SNY",
    "reportedCurrency": "EUR",
    "cik": "0000000000",
    "fillingDate": "2021-06-30",
    "acceptedDate": "2021-06-29 20:00:00",
    "calendarYear": "2021",
    "period": "Q2",
    "revenue": 9045000000,
    "costOfRevenue": 2858000000,
    "grossProfit": 6187000000,
    "grossProfitRatio": 0.6840243228,
    "researchAndDevelopmentExpenses": 1397000000,
    "generalAndAdministrativeExpenses": 0,
    "sellingAndMarketingExpenses": 0,
    "sellingGeneralAndAdministrativeExpenses": 2359000000,
    "otherExpenses": 562000000,
    "operatingExpenses": 4318000000,
    "costAndExpenses": -1748000000,
    "interestIncome": 16000000,
    "interestExpense": 112000000,
    "depreciationAndAmortization": 1731000000,
    "ebitda": 2459500000,
    "ebitdaratio": 0.2719181868,
    "operatingIncome": 3053500000,
    "operatingIncomeRatio": 0.3375898286,
    "totalOtherIncomeExpensesNet": -75000000,
    "incomeBeforeTax": 1480000000,
    "incomeBeforeTaxRatio": 0.1636263129,
    "incomeTaxExpense": 274000000,
    "netIncome": 1210000000,
    "netIncomeRatio": 0.1337755666,
    "eps": 0.96,
    "epsdiluted": 0.95,
    "weightedAverageShsOut": 1251300000,
    "weightedAverageShsOutDil": 1263673090,
    "link": "https://www.infogreffe.com/recherche-entreprise-dirigeants/resultats-entreprise-dirigeants.html?ga_cat=globale&ga_q=S.A.N#phrase=S.A.N",
    "finalLink": "https://www.infogreffe.com/recherche-entreprise-dirigeants/resultats-entreprise-dirigeants.html?ga_cat=globale&ga_q=S.A.N#phrase=S.A.N"
  },
  {
    "date": "2021-03-31",
    "symbol": "SNY",
    "reportedCurrency": "EUR",
    "cik": "0000000000",
    "fillingDate": "2021-03-31",
    "acceptedDate": "2021-03-30 20:00:00",
    "calendarYear": "2021",
    "period": "Q1",
    "revenue": 8886000000,
    "costOfRevenue": 2684000000,
    "grossProfit": 6202000000,
    "grossProfitRatio": 0.6979518343,
    "researchAndDevelopmentExpenses": 1266000000,
    "generalAndAdministrativeExpenses": 0,
    "sellingAndMarketingExpenses": 0,
    "sellingGeneralAndAdministrativeExpenses": 2194000000,
    "otherExpenses": 490000000,
    "operatingExpenses": 3950000000,
    "costAndExpenses": -1451000000,
    "interestIncome": 14000000,
    "interestExpense": 99000000,
    "depreciationAndAmortization": 389000000,
    "ebitda": 2973750000,
    "ebitdaratio": 0.3346556381,
    "operatingIncome": 3376750000,
    "operatingIncomeRatio": 0.3800078776,
    "totalOtherIncomeExpensesNet": -76000000,
    "incomeBeforeTax": 1982000000,
    "incomeBeforeTaxRatio": 0.2230474904,
    "incomeTaxExpense": 404000000,
    "netIncome": 1566000000,
    "netIncomeRatio": 0.1762322755,
    "eps": 1.25,
    "epsdiluted": 1.25,
    "weightedAverageShsOut": 1249300000,
    "weightedAverageShsOutDil": 1249300957,
    "link": "https://www.infogreffe.com/recherche-entreprise-dirigeants/resultats-entreprise-dirigeants.html?ga_cat=globale&ga_q=S.A.N#phrase=S.A.N",
    "finalLink": "https://www.infogreffe.com/recherche-entreprise-dirigeants/resultats-entreprise-dirigeants.html?ga_cat=globale&ga_q=S.A.N#phrase=S.A.N"
  },
  {
    "date": "2020-12-31",
    "symbol": "SNY",
    "reportedCurrency": "EUR",
    "cik": "0000000000",
    "fillingDate": "2020-12-31",
    "acceptedDate": "2020-12-30 19:00:00",
    "calendarYear": "2020",
    "period": "Q4",
    "revenue": 9736000000,
    "costOfRevenue": 3387000000,
    "grossProfit": 6349000000,
    "grossProfitRatio": 0.6521158587,
    "researchAndDevelopmentExpenses": 1517000000,
    "generalAndAdministrativeExpenses": 58000000,
    "sellingAndMarketingExpenses": 2601000000,
    "sellingGeneralAndAdministrativeExpenses": 2659000000,
    "otherExpenses": 460000000,
    "operatingExpenses": 4636000000,
    "costAndExpenses": -1390000000,
    "interestIncome": 0,
    "interestExpense": 0,
    "depreciationAndAmortization": 1676000000,
    "ebitda": 2076750000,
    "ebitdaratio": 0.2133062859,
    "operatingIncome": 2784750000,
    "operatingIncomeRatio": 0.2860260887,
    "totalOtherIncomeExpensesNet": -88000000,
    "incomeBeforeTax": 1393000000,
    "incomeBeforeTaxRatio": 0.1430772391,
    "incomeTaxExpense": 323000000,
    "netIncome": 1081000000,
    "netIncomeRatio": 0.1110312243,
    "eps": 0.85,
    "epsdiluted": 0.85,
    "weightedAverageShsOut": 1255100000,
    "weightedAverageShsOutDil": 1255101437,
    "link": "https://www.infogreffe.com/recherche-entreprise-dirigeants/resultats-entreprise-dirigeants.html?ga_cat=globale&ga_q=S.A.N#phrase=S.A.N",
    "finalLink": "https://www.infogreffe.com/recherche-entreprise-dirigeants/resultats-entreprise-dirigeants.html?ga_cat=globale&ga_q=S.A.N#phrase=S.A.N"
  },
  {
    "date": "2020-09-30",
    "symbol": "SNY",
    "reportedCurrency": "EUR",
    "cik": "0000000000",
    "fillingDate": "2020-09-30",
    "acceptedDate": "2020-09-29 20:00:00",
    "calendarYear": "2020",
    "period": "Q3",
    "revenue": 9879000000,
    "costOfRevenue": 3176000000,
    "grossProfit": 6703000000,
    "grossProfitRatio": 0.6785099706,
    "researchAndDevelopmentExpenses": 1321000000,
    "generalAndAdministrativeExpenses": 0,
    "sellingAndMarketingExpenses": 0,
    "sellingGeneralAndAdministrativeExpenses": 2182000000,
    "otherExpenses": 0,
    "operatingExpenses": 4178000000,
    "costAndExpenses": 7354000000,
    "interestIncome": 76000000,
    "interestExpense": 0,
    "depreciationAndAmortization": 827750000,
    "ebitda": 3441750000,
    "ebitdaratio": 0.3483905254,
    "operatingIncome": 2614000000,
    "operatingIncomeRatio": 0.2646016803,
    "totalOtherIncomeExpensesNet": -75000000,
    "incomeBeforeTax": 2449000000,
    "incomeBeforeTaxRatio": 0.247899585,
    "incomeTaxExpense": 490000000,
    "netIncome": 1952000000,
    "netIncomeRatio": 0.1975908493,
    "eps": 1.55,
    "epsdiluted": 1.55,
    "weightedAverageShsOut": 1255700345,
    "weightedAverageShsOutDil": 1255700000,
    "link": "https://www.infogreffe.com/recherche-entreprise-dirigeants/resultats-entreprise-dirigeants.html?ga_cat=globale&ga_q=S.A.N#phrase=S.A.N",
    "finalLink": "https://www.infogreffe.com/recherche-entreprise-dirigeants/resultats-entreprise-dirigeants.html?ga_cat=globale&ga_q=S.A.N#phrase=S.A.N"
  },
  {
    "date": "2020-06-30",
    "symbol": "SNY",
    "reportedCurrency": "EUR",
    "cik": "0000000000",
    "fillingDate": "2020-06-30",
    "acceptedDate": "2020-06-29 20:00:00",
    "calendarYear": "2020",
    "period": "Q2",
    "revenue": 8438000000,
    "costOfRevenue": 2642000000,
    "grossProfit": 5796000000,
    "grossProfitRatio": 0.6868926286,
    "researchAndDevelopmentExpenses": 1352000000,
    "generalAndAdministrativeExpenses": 32000000,
    "sellingAndMarketingExpenses": 2265000000,
    "sellingGeneralAndAdministrativeExpenses": 2297000000,
    "otherExpenses": 559000000,
    "operatingExpenses": 4208000000,
    "costAndExpenses": 5151000000,
    "interestIncome": 8000000,
    "interestExpense": 100000000,
    "depreciationAndAmortization": 2019000000,
    "ebitda": 2254000000,
    "ebitdaratio": 0.2671249111,
    "operatingIncome": 2711000000,
    "operatingIncomeRatio": 0.3212846646,
    "totalOtherIncomeExpensesNet": 5455000000,
    "incomeBeforeTax": 8166000000,
    "incomeBeforeTaxRatio": 0.9677648732,
    "incomeTaxExpense": 560000000,
    "netIncome": 7598000000,
    "netIncomeRatio": 0.9004503437,
    "eps": 6.07,
    "epsdiluted": 6.01,
    "weightedAverageShsOut": 1264348516,
    "weightedAverageShsOutDil": 1265100000,
    "link": "https://www.infogreffe.com/recherche-entreprise-dirigeants/resultats-entreprise-dirigeants.html?ga_cat=globale&ga_q=S.A.N#phrase=S.A.N",
    "finalLink": "https://www.infogreffe.com/recherche-entreprise-dirigeants/resultats-entreprise-dirigeants.html?ga_cat=globale&ga_q=S.A.N#phrase=S.A.N"
  },
  {
    "date": "2020-03-31",
    "symbol": "SNY",
    "reportedCurrency": "EUR",
    "cik": "0000000000",
    "fillingDate": "2020-03-31",
    "acceptedDate": "2020-03-30 20:00:00",
    "calendarYear": "2020",
    "period": "Q1",
    "revenue": 9316000000,
    "costOfRevenue": 2865000000,
    "grossProfit": 6451000000,
    "grossProfitRatio": 0.6924645771,
    "researchAndDevelopmentExpenses": 1340000000,
    "generalAndAdministrativeExpenses": 0,
    "sellingAndMarketingExpenses": 2342000000,
    "sellingGeneralAndAdministrativeExpenses": 2342000000,
    "otherExpenses": 704000000,
    "operatingExpenses": 4386000000,
    "costAndExpenses": -1382000000,
    "interestIncome": 23000000,
    "interestExpense": 98000000,
    "depreciationAndAmortization": 457000000,
    "ebitda": 2892750000,
    "ebitdaratio": 0.3105141692,
    "operatingIncome": 3492750000,
    "operatingIncomeRatio": 0.3749194933,
    "totalOtherIncomeExpensesNet": 83000000,
    "incomeBeforeTax": 2129000000,
    "incomeBeforeTaxRatio": 0.2285315586,
    "incomeTaxExpense": 434000000,
    "netIncome": 1683000000,
    "netIncomeRatio": 0.1806569343,
    "eps": 1.35,
    "epsdiluted": 1.35,
    "weightedAverageShsOut": 1251300000,
    "weightedAverageShsOutDil": 1251300184,
    "link": "https://www.infogreffe.com/recherche-entreprise-dirigeants/resultats-entreprise-dirigeants.html?ga_cat=globale&ga_q=S.A.N#phrase=S.A.N",
    "finalLink": "https://www.infogreffe.com/recherche-entreprise-dirigeants/resultats-entreprise-dirigeants.html?ga_cat=globale&ga_q=S.A.N#phrase=S.A.N"
  }
]