[
  {
    "date": "2024-12-31",
    "symbol": "SONY",
    "reportedCurrency": "JPY",
    "cik": "0000313838",
    "fillingDate": "2025-02-13",
    "acceptedDate": "2025-02-13 06:03:49",
    "calendarYear": "2025",
    "period": "Q3",
    "revenue": 4409574000000,
    "costOfRevenue": 3365302000000,
    "grossProfit": 1044272000000,
    "grossProfitRatio": 0.2368192483,
    "researchAndDevelopmentExpenses": 0,
    "generalAndAdministrativeExpenses": 0,
    "sellingAndMarketingExpenses": 0,
    "sellingGeneralAndAdministrativeExpenses": 576754000000,
    "otherExpenses": -1813000000,
    "operatingExpenses": 574941000000,
    "costAndExpenses": 3940243000000,
    "interestIncome": 41942000000,
    "interestExpense": 17220000000,
    "depreciationAndAmortization": 298663000000,
    "ebitda": 809936000000,
    "ebitdaratio": 0.1836766998,
    "operatingIncome": 469331000000,
    "operatingIncomeRatio": 0.1064345445,
    "totalOtherIncomeExpensesNet": 24722000000,
    "incomeBeforeTax": 494053000000,
    "incomeBeforeTaxRatio": 0.1120409817,
    "incomeTaxExpense": 118481000000,
    "netIncome": 373739000000,
    "netIncomeRatio": 0.0847562599,
    "eps": 62.07,
    "epsdiluted": 61.82,
    "weightedAverageShsOut": 6021151000,
    "weightedAverageShsOutDil": 6045926000,
    "link": "https://www.sec.gov/Archives/edgar/data/313838/000110465925012450/0001104659-25-012450-index.htm",
    "finalLink": "https://www.sec.gov/Archives/edgar/data/313838/000110465925012450/0001104659-25-012450.txt"
  },
  {
    "date": "2024-09-30",
    "symbol": "SONY",
    "reportedCurrency": "JPY",
    "cik": "0000313838",
    "fillingDate": "2024-11-08",
    "acceptedDate": "2024-11-08 06:01:58",
    "calendarYear": "2025",
    "period": "Q2",
    "revenue": 2905597000000,
    "costOfRevenue": 1913262000000,
    "grossProfit": 992335000000,
    "grossProfitRatio": 0.3415253389,
    "researchAndDevelopmentExpenses": 0,
    "generalAndAdministrativeExpenses": 0,
    "sellingAndMarketingExpenses": 0,
    "sellingGeneralAndAdministrativeExpenses": 537437000000,
    "otherExpenses": -179000000,
    "operatingExpenses": 537258000000,
    "costAndExpenses": 2450520000000,
    "interestIncome": 30653000000,
    "interestExpense": 35483000000,
    "depreciationAndAmortization": 280679000000,
    "ebitda": 766409000000,
    "ebitdaratio": 0.2637698896,
    "operatingIncome": 455077000000,
    "operatingIncomeRatio": 0.1566208253,
    "totalOtherIncomeExpensesNet": -4830000000,
    "incomeBeforeTax": 450247000000,
    "incomeBeforeTaxRatio": 0.1549585163,
    "incomeTaxExpense": 110422000000,
    "netIncome": 338496000000,
    "netIncomeRatio": 0.1164979176,
    "eps": 55.74,
    "epsdiluted": 55.74,
    "weightedAverageShsOut": 6073171729,
    "weightedAverageShsOutDil": 6073205000,
    "link": "https://www.sec.gov/Archives/edgar/data/313838/000110465924115482/0001104659-24-115482-index.htm",
    "finalLink": "https://www.sec.gov/Archives/edgar/data/313838/000110465924115482/0001104659-24-115482.txt"
  },
  {
    "date": "2024-06-30",
    "symbol": "SONY",
    "reportedCurrency": "JPY",
    "cik": "0000313838",
    "fillingDate": "2024-08-07",
    "acceptedDate": "2024-08-07 06:02:32",
    "calendarYear": "2025",
    "period": "Q1",
    "revenue": 3011649000000,
    "costOfRevenue": 2200643000000,
    "grossProfit": 811006000000,
    "grossProfitRatio": 0.2692896815,
    "researchAndDevelopmentExpenses": 0,
    "generalAndAdministrativeExpenses": 0,
    "sellingAndMarketingExpenses": 0,
    "sellingGeneralAndAdministrativeExpenses": 543414000000,
    "otherExpenses": -11514000000,
    "operatingExpenses": 531900000000,
    "costAndExpenses": 2732543000000,
    "interestIncome": 53230000000,
    "interestExpense": 15469000000,
    "depreciationAndAmortization": 268504000000,
    "ebitda": 545954000000,
    "ebitdaratio": 0.1812807535,
    "operatingIncome": 279106000000,
    "operatingIncomeRatio": 0.0926754745,
    "totalOtherIncomeExpensesNet": 36067000000,
    "incomeBeforeTax": 315173000000,
    "incomeBeforeTaxRatio": 0.1046513056,
    "incomeTaxExpense": 81039000000,
    "netIncome": 231638000000,
    "netIncomeRatio": 0.0769140096,
    "eps": 37.89,
    "epsdiluted": 37.89,
    "weightedAverageShsOut": 6114079079,
    "weightedAverageShsOutDil": 6114030000,
    "link": "https://www.sec.gov/Archives/edgar/data/313838/000110465924086463/0001104659-24-086463-index.htm",
    "finalLink": "https://www.sec.gov/Archives/edgar/data/313838/000110465924086463/0001104659-24-086463.txt"
  },
  {
    "date": "2024-03-31",
    "symbol": "SONY",
    "reportedCurrency": "JPY",
    "cik": "0000313838",
    "fillingDate": "2024-02-14",
    "acceptedDate": "2024-02-14 06:00:13",
    "calendarYear": "2024",
    "period": "Q4",
    "revenue": 3480966000000,
    "costOfRevenue": 2656937000000,
    "grossProfit": 824029000000,
    "grossProfitRatio": 0.2367242311,
    "researchAndDevelopmentExpenses": 194372000000,
    "generalAndAdministrativeExpenses": 185121000000,
    "sellingAndMarketingExpenses": 422655000000,
    "sellingGeneralAndAdministrativeExpenses": 607776000000,
    "otherExpenses": 0,
    "operatingExpenses": 607776000000,
    "costAndExpenses": 3264713000000,
    "interestIncome": 66420000000,
    "interestExpense": 19384000000,
    "depreciationAndAmortization": 292951000000,
    "ebitda": 557483000000,
    "ebitdaratio": 0.1601518084,
    "operatingIncome": 216253000000,
    "operatingIncomeRatio": 0.0621244218,
    "totalOtherIncomeExpensesNet": 47438000000,
    "incomeBeforeTax": 276880000000,
    "incomeBeforeTaxRatio": 0.0795411389,
    "incomeTaxExpense": 82453000000,
    "netIncome": 189005000000,
    "netIncomeRatio": 0.0542967096,
    "eps": 30.824,
    "epsdiluted": 30.72,
    "weightedAverageShsOut": 6131660000,
    "weightedAverageShsOutDil": 6152420000,
    "link": "https://www.sec.gov/Archives/edgar/data/313838/000115752324000232/0001157523-24-000232-index.htm",
    "finalLink": "https://www.sec.gov/Archives/edgar/data/313838/000115752324000232/0001157523-24-000232.txt"
  },
  {
    "date": "2023-12-31",
    "symbol": "SONY",
    "reportedCurrency": "JPY",
    "cik": "0000313838",
    "fillingDate": "2023-11-09",
    "acceptedDate": "2023-11-09 06:00:16",
    "calendarYear": "2024",
    "period": "Q3",
    "revenue": 3747527000000,
    "costOfRevenue": 2546389000000,
    "grossProfit": 1201138000000,
    "grossProfitRatio": 0.3205148355,
    "researchAndDevelopmentExpenses": 190100000000,
    "generalAndAdministrativeExpenses": 0,
    "sellingAndMarketingExpenses": 0,
    "sellingGeneralAndAdministrativeExpenses": 554712000000,
    "otherExpenses": 0,
    "operatingExpenses": 744812000000,
    "costAndExpenses": 3291201000000,
    "interestIncome": 33959000000,
    "interestExpense": 38742000000,
    "depreciationAndAmortization": 281564000000,
    "ebitda": 741581000000,
    "ebitdaratio": 0.1978854322,
    "operatingIncome": 456326000000,
    "operatingIncomeRatio": 0.1217672348,
    "totalOtherIncomeExpensesNet": -4783000000,
    "incomeBeforeTax": 455234000000,
    "incomeBeforeTaxRatio": 0.1214758426,
    "incomeTaxExpense": 91184000000,
    "netIncome": 363918000000,
    "netIncomeRatio": 0.09710884,
    "eps": 59.13400000000001,
    "epsdiluted": 58.964,
    "weightedAverageShsOut": 6154025000,
    "weightedAverageShsOutDil": 6171790000,
    "link": "https://www.sec.gov/Archives/edgar/data/313838/000115752323001695/0001157523-23-001695-index.htm",
    "finalLink": "https://www.sec.gov/Archives/edgar/data/313838/000115752323001695/0001157523-23-001695.txt"
  },
  {
    "date": "2023-09-30",
    "symbol": "SONY",
    "reportedCurrency": "JPY",
    "cik": "0000313838",
    "fillingDate": "2023-09-30",
    "acceptedDate": "2023-09-30 00:00:00",
    "calendarYear": "2024",
    "period": "Q2",
    "revenue": 2828623000000,
    "costOfRevenue": 1872708000000,
    "grossProfit": 955915000000,
    "grossProfitRatio": 0.337943586,
    "researchAndDevelopmentExpenses": 180500000000,
    "generalAndAdministrativeExpenses": 0,
    "sellingAndMarketingExpenses": 0,
    "sellingGeneralAndAdministrativeExpenses": 518729000000,
    "otherExpenses": 0,
    "operatingExpenses": 699229000000,
    "costAndExpenses": 2571937000000,
    "interestIncome": 12617000000,
    "interestExpense": 18031000000,
    "depreciationAndAmortization": 318699000000,
    "ebitda": 578765000000,
    "ebitdaratio": 0.2046101584,
    "operatingIncome": 256686000000,
    "operatingIncomeRatio": 0.0907459212,
    "totalOtherIncomeExpensesNet": -5414000000,
    "incomeBeforeTax": 254652000000,
    "incomeBeforeTaxRatio": 0.0900268434,
    "incomeTaxExpense": 56439000000,
    "netIncome": 200105000000,
    "netIncomeRatio": 0.0707429021,
    "eps": 32.442,
    "epsdiluted": 32.348000000000006,
    "weightedAverageShsOut": 6167940000,
    "weightedAverageShsOutDil": 6186115000,
    "link": null,
    "finalLink": null
  },
  {
    "date": "2023-06-30",
    "symbol": "SONY",
    "reportedCurrency": "JPY",
    "cik": "0000313838",
    "fillingDate": "2023-08-09",
    "acceptedDate": "2023-08-09 06:00:11",
    "calendarYear": "2024",
    "period": "Q1",
    "revenue": 2963652000000,
    "costOfRevenue": 2071253000000,
    "grossProfit": 892399000000,
    "grossProfitRatio": 0.3011146383,
    "researchAndDevelopmentExpenses": 177800000000,
    "generalAndAdministrativeExpenses": 0,
    "sellingAndMarketingExpenses": 0,
    "sellingGeneralAndAdministrativeExpenses": 474939000000,
    "otherExpenses": 0,
    "operatingExpenses": 652739000000,
    "costAndExpenses": 2723992000000,
    "interestIncome": 31912000000,
    "interestExpense": 8920000000,
    "depreciationAndAmortization": 251767000000,
    "ebitda": 500169000000,
    "ebitdaratio": 0.1687677906,
    "operatingIncome": 239660000000,
    "operatingIncomeRatio": 0.0808664445,
    "totalOtherIncomeExpensesNet": 31734000000,
    "incomeBeforeTax": 271394000000,
    "incomeBeforeTaxRatio": 0.0915741794,
    "incomeTaxExpense": 58092000000,
    "netIncome": 217545000000,
    "netIncomeRatio": 0.0734043673,
    "eps": 35.252,
    "epsdiluted": 35.134,
    "weightedAverageShsOut": 6171210000,
    "weightedAverageShsOutDil": 6191815000,
    "link": "https://www.sec.gov/Archives/edgar/data/313838/000115752323001290/0001157523-23-001290-index.htm",
    "finalLink": "https://www.sec.gov/Archives/edgar/data/313838/000115752323001290/0001157523-23-001290.txt"
  },
  {
    "date": "2023-03-31",
    "symbol": "SONY",
    "reportedCurrency": "JPY",
    "cik": "0000313838",
    "fillingDate": "2023-02-02",
    "acceptedDate": "2023-02-02 06:03:23",
    "calendarYear": "2023",
    "period": "Q4",
    "revenue": 3063550000000,
    "costOfRevenue": 2389957000000,
    "grossProfit": 673593000000,
    "grossProfitRatio": 0.2198733495,
    "researchAndDevelopmentExpenses": 205198000000,
    "generalAndAdministrativeExpenses": 159628000000,
    "sellingAndMarketingExpenses": 391131000000,
    "sellingGeneralAndAdministrativeExpenses": 550759000000,
    "otherExpenses": 257000000,
    "operatingExpenses": 551016000000,
    "costAndExpenses": 2940973000000,
    "interestIncome": 38574000000,
    "interestExpense": 22436000000,
    "depreciationAndAmortization": 271302000000,
    "ebitda": 420517000000,
    "ebitdaratio": 0.1372646113,
    "operatingIncome": 128464000000,
    "operatingIncomeRatio": 0.0419330515,
    "totalOtherIncomeExpensesNet": -1938000000,
    "incomeBeforeTax": 144602000000,
    "incomeBeforeTaxRatio": 0.0472007965,
    "incomeTaxExpense": 15463000000,
    "netIncome": 128158000000,
    "netIncomeRatio": 0.0418331674,
    "eps": 20.766000000000002,
    "epsdiluted": 20.706000000000003,
    "weightedAverageShsOut": 6171370000,
    "weightedAverageShsOutDil": 6189475000,
    "link": "https://www.sec.gov/Archives/edgar/data/313838/000115752323000147/0001157523-23-000147-index.htm",
    "finalLink": "https://www.sec.gov/Archives/edgar/data/313838/000115752323000147/0001157523-23-000147.txt"
  },
  {
    "date": "2022-12-31",
    "symbol": "SONY",
    "reportedCurrency": "JPY",
    "cik": "0000313838",
    "fillingDate": "2022-11-01",
    "acceptedDate": "2022-11-01 06:00:18",
    "calendarYear": "2023",
    "period": "Q3",
    "revenue": 3412914000000,
    "costOfRevenue": 2463828000000,
    "grossProfit": 949086000000,
    "grossProfitRatio": 0.2780867024,
    "researchAndDevelopmentExpenses": 192000000000,
    "generalAndAdministrativeExpenses": 0,
    "sellingAndMarketingExpenses": 0,
    "sellingGeneralAndAdministrativeExpenses": 529188000000,
    "otherExpenses": -1484000000,
    "operatingExpenses": 527704000000,
    "costAndExpenses": 2991532000000,
    "interestIncome": 6943000000,
    "interestExpense": 37101000000,
    "depreciationAndAmortization": 275226000000,
    "ebitda": 662255000000,
    "ebitdaratio": 0.1940438581,
    "operatingIncome": 428737000000,
    "operatingIncomeRatio": 0.1256219758,
    "totalOtherIncomeExpensesNet": -30158000000,
    "incomeBeforeTax": 398579000000,
    "incomeBeforeTaxRatio": 0.1167855387,
    "incomeTaxExpense": 70073000000,
    "netIncome": 321521000000,
    "netIncomeRatio": 0.094207179,
    "eps": 52.912000000000006,
    "epsdiluted": 52.778,
    "weightedAverageShsOut": 6176425000,
    "weightedAverageShsOutDil": 6192065000,
    "link": "https://www.sec.gov/Archives/edgar/data/313838/000115752322001446/0001157523-22-001446-index.htm",
    "finalLink": "https://www.sec.gov/Archives/edgar/data/313838/000115752322001446/0001157523-22-001446.txt"
  },
  {
    "date": "2022-09-30",
    "symbol": "SONY",
    "reportedCurrency": "JPY",
    "cik": "0000313838",
    "fillingDate": "2022-08-04",
    "acceptedDate": "2022-08-04 06:35:01",
    "calendarYear": "2023",
    "period": "Q2",
    "revenue": 2751879000000,
    "costOfRevenue": 1939379000000,
    "grossProfit": 812500000000,
    "grossProfitRatio": 0.2952528073,
    "researchAndDevelopmentExpenses": 181400000000,
    "generalAndAdministrativeExpenses": 0,
    "sellingAndMarketingExpenses": 0,
    "sellingGeneralAndAdministrativeExpenses": 482457000000,
    "otherExpenses": -8069000000,
    "operatingExpenses": 474388000000,
    "costAndExpenses": 2413767000000,
    "interestIncome": 18594000000,
    "interestExpense": 16880000000,
    "depreciationAndAmortization": 270288000000,
    "ebitda": 605615000000,
    "ebitdaratio": 0.2200732663,
    "operatingIncome": 344042000000,
    "operatingIncomeRatio": 0.1250207585,
    "totalOtherIncomeExpensesNet": 1714000000,
    "incomeBeforeTax": 345756000000,
    "incomeBeforeTaxRatio": 0.1256436057,
    "incomeTaxExpense": 78085000000,
    "netIncome": 263963000000,
    "netIncomeRatio": 0.0959210052,
    "eps": 42.68600000000001,
    "epsdiluted": 42.45400000000001,
    "weightedAverageShsOut": 6183775000,
    "weightedAverageShsOutDil": 6217525000,
    "link": "https://www.sec.gov/Archives/edgar/data/313838/000119312522211762/0001193125-22-211762-index.htm",
    "finalLink": "https://www.sec.gov/Archives/edgar/data/313838/000119312522211762/0001193125-22-211762.txt"
  },
  {
    "date": "2022-06-30",
    "symbol": "SONY",
    "reportedCurrency": "JPY",
    "cik": "0000313838",
    "fillingDate": "2022-06-28",
    "acceptedDate": "2022-06-28 06:34:23",
    "calendarYear": "2023",
    "period": "Q1",
    "revenue": 2311494000000,
    "costOfRevenue": 1605767000000,
    "grossProfit": 705727000000,
    "grossProfitRatio": 0.3053120622,
    "researchAndDevelopmentExpenses": 157100000000,
    "generalAndAdministrativeExpenses": 0,
    "sellingAndMarketingExpenses": 0,
    "sellingGeneralAndAdministrativeExpenses": 406766000000,
    "otherExpenses": -2725000000,
    "operatingExpenses": 404041000000,
    "costAndExpenses": 2009808000000,
    "interestIncome": 14382000000,
    "interestExpense": 29969000000,
    "depreciationAndAmortization": 272297000000,
    "ebitda": 605059000000,
    "ebitdaratio": 0.2617610082,
    "operatingIncome": 306963000000,
    "operatingIncomeRatio": 0.1327985277,
    "totalOtherIncomeExpensesNet": -15587000000,
    "incomeBeforeTax": 291376000000,
    "incomeBeforeTaxRatio": 0.1260552699,
    "incomeTaxExpense": 73070000000,
    "netIncome": 218196000000,
    "netIncomeRatio": 0.0943960919,
    "eps": 35.292,
    "epsdiluted": 35.038000000000004,
    "weightedAverageShsOut": 6182445000,
    "weightedAverageShsOutDil": 6227430000,
    "link": "https://www.sec.gov/Archives/edgar/data/313838/000119312522183263/0001193125-22-183263-index.htm",
    "finalLink": "https://www.sec.gov/Archives/edgar/data/313838/000119312522183263/d207380d20f.htm"
  },
  {
    "date": "2022-03-31",
    "symbol": "SONY",
    "reportedCurrency": "JPY",
    "cik": "0000313838",
    "fillingDate": "2022-02-02",
    "acceptedDate": "2022-02-02 06:00:18",
    "calendarYear": "2022",
    "period": "Q4",
    "revenue": 2263986000000,
    "costOfRevenue": 1673832000000,
    "grossProfit": 590154000000,
    "grossProfitRatio": 0.2606703398,
    "researchAndDevelopmentExpenses": 191968000000,
    "generalAndAdministrativeExpenses": 102045000000,
    "sellingAndMarketingExpenses": 347709000000,
    "sellingGeneralAndAdministrativeExpenses": 449754000000,
    "otherExpenses": 5353000000,
    "operatingExpenses": 455107000000,
    "costAndExpenses": 2128939000000,
    "interestIncome": 6924000000,
    "interestExpense": 55928000000,
    "depreciationAndAmortization": 237750000000,
    "ebitda": 354070000000,
    "ebitdaratio": 0.1563923098,
    "operatingIncome": -69565000000,
    "operatingIncomeRatio": -0.0307267801,
    "totalOtherIncomeExpensesNet": 159190000000,
    "incomeBeforeTax": 89625000000,
    "incomeBeforeTaxRatio": 0.0395872589,
    "incomeTaxExpense": -23346000000,
    "netIncome": 111082000000,
    "netIncomeRatio": 0.049064791,
    "eps": 17.942,
    "epsdiluted": 17.790000000000003,
    "weightedAverageShsOut": 6191380000,
    "weightedAverageShsOutDil": 6244040000,
    "link": "https://www.sec.gov/Archives/edgar/data/313838/000115752322000132/0001157523-22-000132-index.htm",
    "finalLink": "https://www.sec.gov/Archives/edgar/data/313838/000115752322000132/0001157523-22-000132.txt"
  },
  {
    "date": "2021-12-31",
    "symbol": "SONY",
    "reportedCurrency": "JPY",
    "cik": "0000313838",
    "fillingDate": "2021-10-28",
    "acceptedDate": "2021-10-28 06:00:46",
    "calendarYear": "2022",
    "period": "Q3",
    "revenue": 3031319000000,
    "costOfRevenue": 2221062000000,
    "grossProfit": 810257000000,
    "grossProfitRatio": 0.2672951939,
    "researchAndDevelopmentExpenses": 155100000000,
    "generalAndAdministrativeExpenses": 0,
    "sellingAndMarketingExpenses": 0,
    "sellingGeneralAndAdministrativeExpenses": 423509000000,
    "otherExpenses": -70960000000,
    "operatingExpenses": 352549000000,
    "costAndExpenses": 2573611000000,
    "interestIncome": 4962000000,
    "interestExpense": 8576000000,
    "depreciationAndAmortization": 248549000000,
    "ebitda": 623707000000,
    "ebitdaratio": 0.2057543267,
    "operatingIncome": 465183000000,
    "operatingIncomeRatio": 0.1534589398,
    "totalOtherIncomeExpensesNet": -3614000000,
    "incomeBeforeTax": 461569000000,
    "incomeBeforeTaxRatio": 0.1522667195,
    "incomeTaxExpense": 113645000000,
    "netIncome": 346161000000,
    "netIncomeRatio": 0.1141948439,
    "eps": 56.129999999999995,
    "epsdiluted": 55.605999999999995,
    "weightedAverageShsOut": 6198545000,
    "weightedAverageShsOutDil": 6256980000,
    "link": "https://www.sec.gov/Archives/edgar/data/313838/000115752321001265/0001157523-21-001265-index.htm",
    "finalLink": "https://www.sec.gov/Archives/edgar/data/313838/000115752321001265/0001157523-21-001265.txt"
  },
  {
    "date": "2021-09-30",
    "symbol": "SONY",
    "reportedCurrency": "JPY",
    "cik": "0000313838",
    "fillingDate": "2021-08-12",
    "acceptedDate": "2021-08-12 10:25:02",
    "calendarYear": "2022",
    "period": "Q2",
    "revenue": 2369365000000,
    "costOfRevenue": 1688105000000,
    "grossProfit": 681260000000,
    "grossProfitRatio": 0.287528515,
    "researchAndDevelopmentExpenses": 137600000000,
    "generalAndAdministrativeExpenses": 0,
    "sellingAndMarketingExpenses": 0,
    "sellingGeneralAndAdministrativeExpenses": 369908000000,
    "otherExpenses": 1214000000,
    "operatingExpenses": 371122000000,
    "costAndExpenses": 2059227000000,
    "interestIncome": 4812000000,
    "interestExpense": 40172000000,
    "depreciationAndAmortization": 225207000000,
    "ebitda": 516130000000,
    "ebitdaratio": 0.2178347363,
    "operatingIncome": 318459000000,
    "operatingIncomeRatio": 0.1344068981,
    "totalOtherIncomeExpensesNet": -35360000000,
    "incomeBeforeTax": 283099000000,
    "incomeBeforeTaxRatio": 0.1194830682,
    "incomeTaxExpense": 68703000000,
    "netIncome": 213106000000,
    "netIncomeRatio": 0.0899422419,
    "eps": 34.37,
    "epsdiluted": 34.052,
    "weightedAverageShsOut": 6200250000,
    "weightedAverageShsOutDil": 6259635000,
    "link": "https://www.sec.gov/Archives/edgar/data/313838/000119312521244051/0001193125-21-244051-index.htm",
    "finalLink": "https://www.sec.gov/Archives/edgar/data/313838/000119312521244051/0001193125-21-244051.txt"
  },
  {
    "date": "2021-06-30",
    "symbol": "SONY",
    "reportedCurrency": "JPY",
    "cik": "0000313838",
    "fillingDate": "2021-06-22",
    "acceptedDate": "2021-06-22 06:23:50",
    "calendarYear": "2022",
    "period": "Q1",
    "revenue": 2256843000000,
    "costOfRevenue": 1636842000000,
    "grossProfit": 620001000000,
    "grossProfitRatio": 0.2747204834,
    "researchAndDevelopmentExpenses": 133700000000,
    "generalAndAdministrativeExpenses": 0,
    "sellingAndMarketingExpenses": 0,
    "sellingGeneralAndAdministrativeExpenses": 345302000000,
    "otherExpenses": -1101000000,
    "operatingExpenses": 344201000000,
    "costAndExpenses": 1981043000000,
    "interestIncome": 11685000000,
    "interestExpense": 8543000000,
    "depreciationAndAmortization": 192964000000,
    "ebitda": 453722000000,
    "ebitdaratio": 0.2010427841,
    "operatingIncome": 280068000000,
    "operatingIncomeRatio": 0.1240972456,
    "totalOtherIncomeExpensesNet": 3142000000,
    "incomeBeforeTax": 283210000000,
    "incomeBeforeTaxRatio": 0.1254894558,
    "incomeTaxExpense": 70095000000,
    "netIncome": 211829000000,
    "netIncomeRatio": 0.0938607604,
    "eps": 34.19,
    "epsdiluted": 33.844,
    "weightedAverageShsOut": 6195810000,
    "weightedAverageShsOutDil": 6260610000,
    "link": "https://www.sec.gov/Archives/edgar/data/313838/000119312521195631/0001193125-21-195631-index.htm",
    "finalLink": "https://www.sec.gov/Archives/edgar/data/313838/000119312521195631/d151790d20f.htm"
  },
  {
    "date": "2021-03-31",
    "symbol": "SONY",
    "reportedCurrency": "JPY",
    "cik": "0000313838",
    "fillingDate": "2021-02-03",
    "acceptedDate": "2021-02-03 06:00:39",
    "calendarYear": "2021",
    "period": "Q4",
    "revenue": 2220419000000,
    "costOfRevenue": 1705178000000,
    "grossProfit": 515241000000,
    "grossProfitRatio": 0.2320467443,
    "researchAndDevelopmentExpenses": 147500000000,
    "generalAndAdministrativeExpenses": 168256000000,
    "sellingAndMarketingExpenses": 261391000000,
    "sellingGeneralAndAdministrativeExpenses": 429647000000,
    "otherExpenses": 16491000000,
    "operatingExpenses": 446138000000,
    "costAndExpenses": 2151316000000,
    "interestIncome": 3348000000,
    "interestExpense": 4920000000,
    "depreciationAndAmortization": 179325000000,
    "ebitda": 245794000000,
    "ebitdaratio": 0.1106971252,
    "operatingIncome": 66480000000,
    "operatingIncomeRatio": 0.0299402951,
    "totalOtherIncomeExpensesNet": 28996000000,
    "incomeBeforeTax": 95476000000,
    "incomeBeforeTaxRatio": 0.0429990916,
    "incomeTaxExpense": -11646000000,
    "netIncome": 107000000000,
    "netIncomeRatio": 0.048189103,
    "eps": 17.326,
    "epsdiluted": 17.326,
    "weightedAverageShsOut": 6175810000,
    "weightedAverageShsOutDil": 6175810000,
    "link": "https://www.sec.gov/Archives/edgar/data/313838/000115752321000131/0001157523-21-000131-index.htm",
    "finalLink": "https://www.sec.gov/Archives/edgar/data/313838/000115752321000131/0001157523-21-000131.txt"
  },
  {
    "date": "2020-12-31",
    "symbol": "SONY",
    "reportedCurrency": "JPY",
    "cik": "0000313838",
    "fillingDate": "2020-10-28",
    "acceptedDate": "2020-10-28 06:00:37",
    "calendarYear": "2021",
    "period": "Q3",
    "revenue": 2696536000000,
    "costOfRevenue": 1931676000000,
    "grossProfit": 764860000000,
    "grossProfitRatio": 0.283645388,
    "researchAndDevelopmentExpenses": 0,
    "generalAndAdministrativeExpenses": 0,
    "sellingAndMarketingExpenses": 0,
    "sellingGeneralAndAdministrativeExpenses": 409835000000,
    "otherExpenses": 295000000,
    "operatingExpenses": 410130000000,
    "costAndExpenses": 2341806000000,
    "interestIncome": 1753000000,
    "interestExpense": 2756000000,
    "depreciationAndAmortization": 178841000000,
    "ebitda": 531460000000,
    "ebitdaratio": 0.1970898961,
    "operatingIncome": 359226000000,
    "operatingIncomeRatio": 0.1332175799,
    "totalOtherIncomeExpensesNet": 125478000000,
    "incomeBeforeTax": 477371000000,
    "incomeBeforeTaxRatio": 0.1770311985,
    "incomeTaxExpense": 103661000000,
    "netIncome": 371891000000,
    "netIncomeRatio": 0.1379143464,
    "eps": 50.314,
    "epsdiluted": 49.7,
    "weightedAverageShsOut": 6175810000,
    "weightedAverageShsOutDil": 6253465000,
    "link": "https://www.sec.gov/Archives/edgar/data/313838/000115752320001350/0001157523-20-001350-index.htm",
    "finalLink": "https://www.sec.gov/Archives/edgar/data/313838/000115752320001350/0001157523-20-001350.txt"
  },
  {
    "date": "2020-09-30",
    "symbol": "SONY",
    "reportedCurrency": "JPY",
    "cik": "0000313838",
    "fillingDate": "2020-08-04",
    "acceptedDate": "2020-08-04 06:00:19",
    "calendarYear": "2021",
    "period": "Q2",
    "revenue": 2113486000000,
    "costOfRevenue": 1474373000000,
    "grossProfit": 639113000000,
    "grossProfitRatio": 0.3023975555,
    "researchAndDevelopmentExpenses": 0,
    "generalAndAdministrativeExpenses": 0,
    "sellingAndMarketingExpenses": 0,
    "sellingGeneralAndAdministrativeExpenses": 329307000000,
    "otherExpenses": -5538000000,
    "operatingExpenses": 323769000000,
    "costAndExpenses": 1798142000000,
    "interestIncome": 2520000000,
    "interestExpense": 2704000000,
    "depreciationAndAmortization": 158612000000,
    "ebitda": 473349000000,
    "ebitdaratio": 0.2239659974,
    "operatingIncome": 317764000000,
    "operatingIncomeRatio": 0.1503506529,
    "totalOtherIncomeExpensesNet": -11496000000,
    "incomeBeforeTax": 299604000000,
    "incomeBeforeTaxRatio": 0.1417582137,
    "incomeTaxExpense": -163898000000,
    "netIncome": 459634000000,
    "netIncomeRatio": 0.2174767186,
    "eps": 74.7,
    "epsdiluted": 73.416,
    "weightedAverageShsOut": 6139225000,
    "weightedAverageShsOutDil": 6248145000,
    "link": "https://www.sec.gov/Archives/edgar/data/313838/000115752320001103/0001157523-20-001103-index.htm",
    "finalLink": "https://www.sec.gov/Archives/edgar/data/313838/000115752320001103/0001157523-20-001103.txt"
  },
  {
    "date": "2020-06-30",
    "symbol": "SONY",
    "reportedCurrency": "JPY",
    "cik": "0000313838",
    "fillingDate": "2020-06-26",
    "acceptedDate": "2020-06-26 06:24:27",
    "calendarYear": "2021",
    "period": "Q1",
    "revenue": 1968919000000,
    "costOfRevenue": 1450332000000,
    "grossProfit": 518587000000,
    "grossProfitRatio": 0.2633866604,
    "researchAndDevelopmentExpenses": 0,
    "generalAndAdministrativeExpenses": 0,
    "sellingAndMarketingExpenses": 0,
    "sellingGeneralAndAdministrativeExpenses": 301166000000,
    "otherExpenses": 9895000000,
    "operatingExpenses": 301166000000,
    "costAndExpenses": 1751498000000,
    "interestIncome": 2836000000,
    "interestExpense": 1805000000,
    "depreciationAndAmortization": 146959000000,
    "ebitda": 383540000000,
    "ebitdaratio": 0.1947972466,
    "operatingIncome": 228395000000,
    "operatingIncomeRatio": 0.1160002011,
    "totalOtherIncomeExpensesNet": 98194000000,
    "incomeBeforeTax": 319919000000,
    "incomeBeforeTaxRatio": 0.1624845918,
    "incomeTaxExpense": 72878000000,
    "netIncome": 233251000000,
    "netIncomeRatio": 0.1184665291,
    "eps": 31.718000000000004,
    "epsdiluted": 31.054000000000002,
    "weightedAverageShsOut": 6103145000,
    "weightedAverageShsOutDil": 6238590000,
    "link": "https://www.sec.gov/Archives/edgar/data/313838/000119312520179707/0001193125-20-179707-index.htm",
    "finalLink": "https://www.sec.gov/Archives/edgar/data/313838/000119312520179707/d831343d20f.htm"
  },
  {
    "date": "2020-03-31",
    "symbol": "SONY",
    "reportedCurrency": "JPY",
    "cik": "0000313838",
    "fillingDate": "2020-02-04",
    "acceptedDate": "2020-02-04 06:00:24",
    "calendarYear": "2020",
    "period": "Q4",
    "revenue": 1748740000000,
    "costOfRevenue": 1298592000000,
    "grossProfit": 450148000000,
    "grossProfitRatio": 0.2574127658,
    "researchAndDevelopmentExpenses": 499290000000,
    "generalAndAdministrativeExpenses": 38052000000,
    "sellingAndMarketingExpenses": 359458000000,
    "sellingGeneralAndAdministrativeExpenses": 397510000000,
    "otherExpenses": -24194000000,
    "operatingExpenses": 397510000000,
    "costAndExpenses": 1696102000000,
    "interestIncome": 4620000000,
    "interestExpense": 2297000000,
    "depreciationAndAmortization": 135249000000,
    "ebitda": 250688000000,
    "ebitdaratio": 0.1433535002,
    "operatingIncome": -98970000000,
    "operatingIncomeRatio": -0.0565950341,
    "totalOtherIncomeExpensesNet": -39430000000,
    "incomeBeforeTax": -3983000000,
    "incomeBeforeTaxRatio": -0.0022776399,
    "incomeTaxExpense": -19726000000,
    "netIncome": 12644000000,
    "netIncomeRatio": 0.0072303487,
    "eps": 2.0660000000000003,
    "epsdiluted": 2.02,
    "weightedAverageShsOut": 6120530000,
    "weightedAverageShsOutDil": 6258420000,
    "link": "https://www.sec.gov/Archives/edgar/data/313838/000115752320000138/0001157523-20-000138-index.htm",
    "finalLink": "https://www.sec.gov/Archives/edgar/data/313838/000115752320000138/0001157523-20-000138.txt"
  }
]