[
  {
    "date": "2024-03-31",
    "symbol": "SONY",
    "reportedCurrency": "JPY",
    "cik": "0000313838",
    "fillingDate": "2024-06-25",
    "acceptedDate": "2024-06-25 08:28:05",
    "calendarYear": "2024",
    "period": "FY",
    "revenue": 13020768000000,
    "costOfRevenue": 9695687000000,
    "grossProfit": 3325081000000,
    "grossProfitRatio": 0.2553675021,
    "researchAndDevelopmentExpenses": 0,
    "generalAndAdministrativeExpenses": 1733501000000,
    "sellingAndMarketingExpenses": 422655000000,
    "sellingGeneralAndAdministrativeExpenses": 2156156000000,
    "otherExpenses": -39906000000,
    "operatingExpenses": 2116250000000,
    "costAndExpenses": 11811937000000,
    "interestIncome": 37580000000,
    "interestExpense": 40996000000,
    "depreciationAndAmortization": 1144981000000,
    "ebitda": 2454639000000,
    "ebitdaratio": 0.1885172211,
    "operatingIncome": 1208831000000,
    "operatingIncomeRatio": 0.0928386866,
    "totalOtherIncomeExpensesNet": 59831000000,
    "incomeBeforeTax": 1268662000000,
    "incomeBeforeTaxRatio": 0.0974337305,
    "incomeTaxExpense": 288168000000,
    "netIncome": 970573000000,
    "netIncomeRatio": 0.0745403804,
    "eps": 157.14,
    "epsdiluted": 157.14,
    "weightedAverageShsOut": 6176643162,
    "weightedAverageShsOutDil": 6176655000,
    "link": "https://www.sec.gov/Archives/edgar/data/313838/000119312524167500/0001193125-24-167500-index.htm",
    "finalLink": "https://www.sec.gov/Archives/edgar/data/313838/000119312524167500/d797371d20f.htm"
  },
  {
    "date": "2023-03-31",
    "symbol": "SONY",
    "reportedCurrency": "JPY",
    "cik": "0000313838",
    "fillingDate": "2023-06-20",
    "acceptedDate": "2023-06-20 06:12:32",
    "calendarYear": "2023",
    "period": "FY",
    "revenue": 11539837000000,
    "costOfRevenue": 8398931000000,
    "grossProfit": 3140906000000,
    "grossProfitRatio": 0.2721794077,
    "researchAndDevelopmentExpenses": 735698000000,
    "generalAndAdministrativeExpenses": 1578039000000,
    "sellingAndMarketingExpenses": 391131000000,
    "sellingGeneralAndAdministrativeExpenses": 1969170000000,
    "otherExpenses": -12021000000,
    "operatingExpenses": 1957149000000,
    "costAndExpenses": 10356080000000,
    "interestIncome": 31058000000,
    "interestExpense": 58951000000,
    "depreciationAndAmortization": 1004590000000,
    "ebitda": 2305484000000,
    "ebitdaratio": 0.1997847977,
    "operatingIncome": 1208206000000,
    "operatingIncomeRatio": 0.1046987059,
    "totalOtherIncomeExpensesNet": -27893000000,
    "incomeBeforeTax": 1180313000000,
    "incomeBeforeTaxRatio": 0.1022816007,
    "incomeTaxExpense": 236691000000,
    "netIncome": 1005277000000,
    "netIncomeRatio": 0.0871136221,
    "eps": 151.67600000000002,
    "epsdiluted": 150.99,
    "weightedAverageShsOut": 6178505000,
    "weightedAverageShsOutDil": 6206885000,
    "link": "https://www.sec.gov/Archives/edgar/data/313838/000119312523169510/0001193125-23-169510-index.htm",
    "finalLink": "https://www.sec.gov/Archives/edgar/data/313838/000119312523169510/d433796d20f.htm"
  },
  {
    "date": "2022-03-31",
    "symbol": "SONY",
    "reportedCurrency": "JPY",
    "cik": "0000313838",
    "fillingDate": "2022-06-28",
    "acceptedDate": "2022-06-28 06:34:23",
    "calendarYear": "2022",
    "period": "FY",
    "revenue": 9921513000000,
    "costOfRevenue": 7219841000000,
    "grossProfit": 2701672000000,
    "grossProfitRatio": 0.2723044358,
    "researchAndDevelopmentExpenses": 618368000000,
    "generalAndAdministrativeExpenses": 1240764000000,
    "sellingAndMarketingExpenses": 347709000000,
    "sellingGeneralAndAdministrativeExpenses": 1588473000000,
    "otherExpenses": -65494000000,
    "operatingExpenses": 1522979000000,
    "costAndExpenses": 8742820000000,
    "interestIncome": 19304000000,
    "interestExpense": 104140000000,
    "depreciationAndAmortization": 904470000000,
    "ebitda": 2056876000000,
    "ebitdaratio": 0.2073147513,
    "operatingIncome": 1202339000000,
    "operatingIncomeRatio": 0.1211850451,
    "totalOtherIncomeExpensesNet": -84836000000,
    "incomeBeforeTax": 1117503000000,
    "incomeBeforeTaxRatio": 0.1126343331,
    "incomeTaxExpense": 229097000000,
    "netIncome": 882178000000,
    "netIncomeRatio": 0.0889156724,
    "eps": 142.36800000000002,
    "epsdiluted": 141.032,
    "weightedAverageShsOut": 6196495000,
    "weightedAverageShsOutDil": 6256300000,
    "link": "https://www.sec.gov/Archives/edgar/data/313838/000119312522183263/0001193125-22-183263-index.htm",
    "finalLink": "https://www.sec.gov/Archives/edgar/data/313838/000119312522183263/d207380d20f.htm"
  },
  {
    "date": "2021-03-31",
    "symbol": "SONY",
    "reportedCurrency": "JPY",
    "cik": "0000313838",
    "fillingDate": "2021-06-22",
    "acceptedDate": "2021-06-22 06:23:50",
    "calendarYear": "2021",
    "period": "FY",
    "revenue": 8999360000000,
    "costOfRevenue": 6561559000000,
    "grossProfit": 2437801000000,
    "grossProfitRatio": 0.2708860408,
    "researchAndDevelopmentExpenses": 545357000000,
    "generalAndAdministrativeExpenses": 1208564000000,
    "sellingAndMarketingExpenses": 261391000000,
    "sellingGeneralAndAdministrativeExpenses": 1469955000000,
    "otherExpenses": -16205000000,
    "operatingExpenses": 1469955000000,
    "costAndExpenses": 8031514000000,
    "interestIncome": 10457000000,
    "interestExpense": 12185000000,
    "depreciationAndAmortization": 732111000000,
    "ebitda": 1637322000000,
    "ebitdaratio": 0.1819376045,
    "operatingIncome": 971865000000,
    "operatingIncomeRatio": 0.1079926795,
    "totalOtherIncomeExpensesNet": 42710000000,
    "incomeBeforeTax": 1192370000000,
    "incomeBeforeTaxRatio": 0.1324949774,
    "incomeTaxExpense": 995000000,
    "netIncome": 1029610000000,
    "netIncomeRatio": 0.1144092469,
    "eps": 167.35000000000002,
    "epsdiluted": 164.75400000000002,
    "weightedAverageShsOut": 6152400000,
    "weightedAverageShsOutDil": 6251730000,
    "link": "https://www.sec.gov/Archives/edgar/data/313838/000119312521195631/0001193125-21-195631-index.htm",
    "finalLink": "https://www.sec.gov/Archives/edgar/data/313838/000119312521195631/d151790d20f.htm"
  },
  {
    "date": "2020-03-31",
    "symbol": "SONY",
    "reportedCurrency": "JPY",
    "cik": "0000313838",
    "fillingDate": "2020-06-26",
    "acceptedDate": "2020-06-26 06:24:27",
    "calendarYear": "2020",
    "period": "FY",
    "revenue": 8259885000000,
    "costOfRevenue": 5925049000000,
    "grossProfit": 2334836000000,
    "grossProfitRatio": 0.2826717321,
    "researchAndDevelopmentExpenses": 499290000000,
    "generalAndAdministrativeExpenses": 1143167000000,
    "sellingAndMarketingExpenses": 359458000000,
    "sellingGeneralAndAdministrativeExpenses": 1502625000000,
    "otherExpenses": 2741000000,
    "operatingExpenses": 1502625000000,
    "costAndExpenses": 7427674000000,
    "interestIncome": 19278000000,
    "interestExpense": 11090000000,
    "depreciationAndAmortization": 746451000000,
    "ebitda": 1556991000000,
    "ebitdaratio": 0.1885003242,
    "operatingIncome": 845459000000,
    "operatingIncomeRatio": 0.1023572362,
    "totalOtherIncomeExpensesNet": -46009000000,
    "incomeBeforeTax": 799450000000,
    "incomeBeforeTaxRatio": 0.0967870618,
    "incomeTaxExpense": 177190000000,
    "netIncome": 582191000000,
    "netIncomeRatio": 0.0704841532,
    "eps": 94.328,
    "epsdiluted": 92.24600000000001,
    "weightedAverageShsOut": 6172040000,
    "weightedAverageShsOutDil": 6311275000,
    "link": "https://www.sec.gov/Archives/edgar/data/313838/000119312520179707/0001193125-20-179707-index.htm",
    "finalLink": "https://www.sec.gov/Archives/edgar/data/313838/000119312520179707/d831343d20f.htm"
  },
  {
    "date": "2019-03-31",
    "symbol": "SONY",
    "reportedCurrency": "JPY",
    "cik": "0000313838",
    "fillingDate": "2019-06-18",
    "acceptedDate": "2019-06-18 06:13:52",
    "calendarYear": "2019",
    "period": "FY",
    "revenue": 8665687000000,
    "costOfRevenue": 6263196000000,
    "grossProfit": 2402491000000,
    "grossProfitRatio": 0.277241839,
    "researchAndDevelopmentExpenses": 481202000000,
    "generalAndAdministrativeExpenses": 1191325000000,
    "sellingAndMarketingExpenses": 385500000000,
    "sellingGeneralAndAdministrativeExpenses": 1576825000000,
    "otherExpenses": 864000000,
    "operatingExpenses": 1576825000000,
    "costAndExpenses": 7840021000000,
    "interestIncome": 21618000000,
    "interestExpense": 12467000000,
    "depreciationAndAmortization": 722519000000,
    "ebitda": 1746634000000,
    "ebitdaratio": 0.2015574761,
    "operatingIncome": 894235000000,
    "operatingIncomeRatio": 0.1031926263,
    "totalOtherIncomeExpensesNet": 117413000000,
    "incomeBeforeTax": 1011648000000,
    "incomeBeforeTaxRatio": 0.1167418117,
    "incomeTaxExpense": 45098000000,
    "netIncome": 916271000000,
    "netIncomeRatio": 0.1057355291,
    "eps": 144.682,
    "epsdiluted": 141.548,
    "weightedAverageShsOut": 6332960000,
    "weightedAverageShsOutDil": 6473230000,
    "link": "https://www.sec.gov/Archives/edgar/data/313838/000119312519175182/0001193125-19-175182-index.htm",
    "finalLink": "https://www.sec.gov/Archives/edgar/data/313838/000119312519175182/d870848d20f.htm"
  },
  {
    "date": "2018-03-31",
    "symbol": "SONY",
    "reportedCurrency": "JPY",
    "cik": "0000313838",
    "fillingDate": "2018-06-19",
    "acceptedDate": "2018-06-19 07:04:09",
    "calendarYear": "2018",
    "period": "FY",
    "revenue": 8543982000000,
    "costOfRevenue": 6230422000000,
    "grossProfit": 2313560000000,
    "grossProfitRatio": 0.2707824057,
    "researchAndDevelopmentExpenses": 458518000000,
    "generalAndAdministrativeExpenses": 1176091000000,
    "sellingAndMarketingExpenses": 407106000000,
    "sellingGeneralAndAdministrativeExpenses": 1583197000000,
    "otherExpenses": -7957000000,
    "operatingExpenses": 1583197000000,
    "costAndExpenses": 7813619000000,
    "interestIncome": 19784000000,
    "interestExpense": 13566000000,
    "depreciationAndAmortization": 720718000000,
    "ebitda": 1433333000000,
    "ebitdaratio": 0.1677593656,
    "operatingIncome": 734860000000,
    "operatingIncomeRatio": 0.0860090763,
    "totalOtherIncomeExpensesNet": -35811000000,
    "incomeBeforeTax": 699049000000,
    "incomeBeforeTaxRatio": 0.0818177051,
    "incomeTaxExpense": 151770000000,
    "netIncome": 490794000000,
    "netIncomeRatio": 0.057443239,
    "eps": 77.664,
    "epsdiluted": 75.95,
    "weightedAverageShsOut": 6319475000,
    "weightedAverageShsOutDil": 6462100000,
    "link": "https://www.sec.gov/Archives/edgar/data/313838/000119312518196263/0001193125-18-196263-index.htm",
    "finalLink": "https://www.sec.gov/Archives/edgar/data/313838/000119312518196263/d556845d20f.htm"
  },
  {
    "date": "2017-03-31",
    "symbol": "SONY",
    "reportedCurrency": "JPY",
    "cik": "0000313838",
    "fillingDate": "2017-06-15",
    "acceptedDate": "2017-06-15 06:14:22",
    "calendarYear": "2017",
    "period": "FY",
    "revenue": 7603250000000,
    "costOfRevenue": 5663154000000,
    "grossProfit": 1940096000000,
    "grossProfitRatio": 0.2551666721,
    "researchAndDevelopmentExpenses": 447456000000,
    "generalAndAdministrativeExpenses": 1142141000000,
    "sellingAndMarketingExpenses": 363815000000,
    "sellingGeneralAndAdministrativeExpenses": 1505956000000,
    "otherExpenses": -153414000000,
    "operatingExpenses": 1505956000000,
    "costAndExpenses": 7169110000000,
    "interestIncome": 11459000000,
    "interestExpense": 14544000000,
    "depreciationAndAmortization": 624553000000,
    "ebitda": 890716000000,
    "ebitdaratio": 0.1171493769,
    "operatingIncome": 288702000000,
    "operatingIncomeRatio": 0.0379708677,
    "totalOtherIncomeExpensesNet": -37083000000,
    "incomeBeforeTax": 251619000000,
    "incomeBeforeTaxRatio": 0.0330936113,
    "incomeTaxExpense": 124058000000,
    "netIncome": 127561000000,
    "netIncomeRatio": 0.0167771677,
    "eps": 20.216,
    "epsdiluted": 19.802000000000003,
    "weightedAverageShsOut": 6310115000,
    "weightedAverageShsOutDil": 6441715000,
    "link": "https://www.sec.gov/Archives/edgar/data/313838/000119312517203939/0001193125-17-203939-index.htm",
    "finalLink": "https://www.sec.gov/Archives/edgar/data/313838/000119312517203939/d358485d20f.htm"
  },
  {
    "date": "2016-03-31",
    "symbol": "SONY",
    "reportedCurrency": "JPY",
    "cik": "0000313838",
    "fillingDate": "2016-06-17",
    "acceptedDate": "2016-06-17 06:15:11",
    "calendarYear": "2016",
    "period": "FY",
    "revenue": 8105712000000,
    "costOfRevenue": 6074652000000,
    "grossProfit": 2031060000000,
    "grossProfitRatio": 0.2505714489,
    "researchAndDevelopmentExpenses": 468183000000,
    "generalAndAdministrativeExpenses": 1300604000000,
    "sellingAndMarketingExpenses": 391326000000,
    "sellingGeneralAndAdministrativeExpenses": 1691930000000,
    "otherExpenses": -5056000000,
    "operatingExpenses": 1691930000000,
    "costAndExpenses": 7766582000000,
    "interestIncome": 12455000000,
    "interestExpense": 25286000000,
    "depreciationAndAmortization": 696678000000,
    "ebitda": 1026468000000,
    "ebitdaratio": 0.1266351432,
    "operatingIncome": 294197000000,
    "operatingIncomeRatio": 0.0362950226,
    "totalOtherIncomeExpensesNet": 10307000000,
    "incomeBeforeTax": 304504000000,
    "incomeBeforeTaxRatio": 0.037566595,
    "incomeTaxExpense": 94789000000,
    "netIncome": 209715000000,
    "netIncomeRatio": 0.0258724958,
    "eps": 33.886,
    "epsdiluted": 33.344,
    "weightedAverageShsOut": 6189010000,
    "weightedAverageShsOutDil": 6289415000,
    "link": "https://www.sec.gov/Archives/edgar/data/313838/000119312516624169/0001193125-16-624169-index.htm",
    "finalLink": "https://www.sec.gov/Archives/edgar/data/313838/000119312516624169/d168822d20f.htm"
  },
  {
    "date": "2015-03-31",
    "symbol": "SONY",
    "reportedCurrency": "JPY",
    "cik": "0000313838",
    "fillingDate": "2015-06-23",
    "acceptedDate": "2015-06-23 09:04:11",
    "calendarYear": "2015",
    "period": "FY",
    "revenue": 8215880000000,
    "costOfRevenue": 6158134000000,
    "grossProfit": 2057746000000,
    "grossProfitRatio": 0.2504595978,
    "researchAndDevelopmentExpenses": 464320000000,
    "generalAndAdministrativeExpenses": 1367017000000,
    "sellingAndMarketingExpenses": 444444000000,
    "sellingGeneralAndAdministrativeExpenses": 1811461000000,
    "otherExpenses": -6287000000,
    "operatingExpenses": 1811461000000,
    "costAndExpenses": 7969595000000,
    "interestIncome": 12887000000,
    "interestExpense": 23600000000,
    "depreciationAndAmortization": 627565000000,
    "ebitda": 690894000000,
    "ebitdaratio": 0.0840925135,
    "operatingIncome": 256806000000,
    "operatingIncomeRatio": 0.0312572725,
    "totalOtherIncomeExpensesNet": -28819000000,
    "incomeBeforeTax": 39729000000,
    "incomeBeforeTaxRatio": 0.0048356354,
    "incomeTaxExpense": 88733000000,
    "netIncome": -49004000000,
    "netIncomeRatio": -0.0059645467,
    "eps": -8.794,
    "epsdiluted": -8.794,
    "weightedAverageShsOut": 5572120000,
    "weightedAverageShsOutDil": 5572120000,
    "link": "https://www.sec.gov/Archives/edgar/data/313838/000119312515231346/0001193125-15-231346-index.htm",
    "finalLink": "https://www.sec.gov/Archives/edgar/data/313838/000119312515231346/d895998d20f.htm"
  }
]