[
  {
    "date": "2024-03-31",
    "symbol": "MUFG",
    "reportedCurrency": "JPY",
    "cik": "0000067088",
    "fillingDate": "2024-07-30",
    "acceptedDate": "2024-07-30 16:43:01",
    "calendarYear": "2024",
    "period": "FY",
    "revenue": 5879775000000,
    "costOfRevenue": 0,
    "grossProfit": 5879775000000,
    "grossProfitRatio": 1,
    "researchAndDevelopmentExpenses": 0,
    "generalAndAdministrativeExpenses": 2920875000000,
    "sellingAndMarketingExpenses": 0,
    "sellingGeneralAndAdministrativeExpenses": 2920875000000,
    "otherExpenses": 2958900000000,
    "operatingExpenses": 5879775000000,
    "costAndExpenses": 5879775000000,
    "interestIncome": 7468676000000,
    "interestExpense": 5011100000000,
    "depreciationAndAmortization": 362367000000,
    "ebitda": 0,
    "ebitdaratio": 0,
    "operatingIncome": 0,
    "operatingIncomeRatio": 0,
    "totalOtherIncomeExpensesNet": 2050104000000,
    "incomeBeforeTax": 2050104000000,
    "incomeBeforeTaxRatio": 0.3486704848,
    "incomeTaxExpense": 478342000000,
    "netIncome": 1490781000000,
    "netIncomeRatio": 0.2535438856,
    "eps": 111.05,
    "epsdiluted": 111.04,
    "weightedAverageShsOut": 11959977000,
    "weightedAverageShsOutDil": 11960859073,
    "link": "https://www.sec.gov/Archives/edgar/data/67088/000006708824000021/0000067088-24-000021-index.htm",
    "finalLink": "https://www.sec.gov/Archives/edgar/data/67088/000006708824000021/mufg-20240331.htm"
  },
  {
    "date": "2023-03-31",
    "symbol": "MUFG",
    "reportedCurrency": "JPY",
    "cik": "0000067088",
    "fillingDate": "2023-07-24",
    "acceptedDate": "2023-07-24 06:07:56",
    "calendarYear": "2023",
    "period": "FY",
    "revenue": 6057232000000,
    "costOfRevenue": 0,
    "grossProfit": 6057232000000,
    "grossProfitRatio": 1,
    "researchAndDevelopmentExpenses": 0,
    "generalAndAdministrativeExpenses": 3047436000000,
    "sellingAndMarketingExpenses": 0,
    "sellingGeneralAndAdministrativeExpenses": 3047436000000,
    "otherExpenses": -5245834000000,
    "operatingExpenses": -2198398000000,
    "costAndExpenses": -2198398000000,
    "interestIncome": 5298940000000,
    "interestExpense": 2372731000000,
    "depreciationAndAmortization": 334636000000,
    "ebitda": 0,
    "ebitdaratio": 0,
    "operatingIncome": 3858834000000,
    "operatingIncomeRatio": 0.6370622753,
    "totalOtherIncomeExpensesNet": -2288911000000,
    "incomeBeforeTax": 1569923000000,
    "incomeBeforeTaxRatio": 0.2591815866,
    "incomeTaxExpense": 369607000000,
    "netIncome": 1116496000000,
    "netIncomeRatio": 0.1843244571,
    "eps": 90.73,
    "epsdiluted": 90.41,
    "weightedAverageShsOut": 12305714000,
    "weightedAverageShsOutDil": 12305714000,
    "link": "https://www.sec.gov/Archives/edgar/data/67088/000006708823000008/0000067088-23-000008-index.htm",
    "finalLink": "https://www.sec.gov/Archives/edgar/data/67088/000006708823000008/mufg-20230331.htm"
  },
  {
    "date": "2022-03-31",
    "symbol": "MUFG",
    "reportedCurrency": "JPY",
    "cik": "0000067088",
    "fillingDate": "2022-03-31",
    "acceptedDate": "2022-03-31 00:00:00",
    "calendarYear": "2022",
    "period": "FY",
    "revenue": 4703324000000,
    "costOfRevenue": 0,
    "grossProfit": 4703324000000,
    "grossProfitRatio": 1,
    "researchAndDevelopmentExpenses": 0,
    "generalAndAdministrativeExpenses": 2746840000000,
    "sellingAndMarketingExpenses": 0,
    "sellingGeneralAndAdministrativeExpenses": 2746840000000,
    "otherExpenses": -5491962000000,
    "operatingExpenses": -2745122000000,
    "costAndExpenses": -2745122000000,
    "interestIncome": 2587440000000,
    "interestExpense": 543952000000,
    "depreciationAndAmortization": 363250000000,
    "ebitda": 0,
    "ebitdaratio": 0,
    "operatingIncome": 1958202000000,
    "operatingIncomeRatio": 0.4163442706,
    "totalOtherIncomeExpensesNet": -468345000000,
    "incomeBeforeTax": 1489857000000,
    "incomeBeforeTaxRatio": 0.3167668228,
    "incomeTaxExpense": 283410000000,
    "netIncome": 1130840000000,
    "netIncomeRatio": 0.2404342121,
    "eps": 88.45,
    "epsdiluted": 88.05,
    "weightedAverageShsOut": 12785341000,
    "weightedAverageShsOutDil": 12785341000,
    "link": null,
    "finalLink": null
  },
  {
    "date": "2021-03-31",
    "symbol": "MUFG",
    "reportedCurrency": "JPY",
    "cik": "0000067088",
    "fillingDate": "2021-03-31",
    "acceptedDate": "2021-03-31 00:00:00",
    "calendarYear": "2021",
    "period": "FY",
    "revenue": 4631810000000,
    "costOfRevenue": 0,
    "grossProfit": 4631810000000,
    "grossProfitRatio": 1,
    "researchAndDevelopmentExpenses": 0,
    "generalAndAdministrativeExpenses": 1343990000000,
    "sellingAndMarketingExpenses": 0,
    "sellingGeneralAndAdministrativeExpenses": 1343990000000,
    "otherExpenses": -5013714000000,
    "operatingExpenses": -3669724000000,
    "costAndExpenses": -3669724000000,
    "interestIncome": 2678688000000,
    "interestExpense": 773715000000,
    "depreciationAndAmortization": 355450000000,
    "ebitda": 0,
    "ebitdaratio": 0,
    "operatingIncome": 962086000000,
    "operatingIncomeRatio": 0.2077127516,
    "totalOtherIncomeExpensesNet": 79950000000,
    "incomeBeforeTax": 1042036000000,
    "incomeBeforeTaxRatio": 0.2249738223,
    "incomeTaxExpense": 185068000000,
    "netIncome": 777018000000,
    "netIncomeRatio": 0.1677568812,
    "eps": 60.5,
    "epsdiluted": 60.25,
    "weightedAverageShsOut": 12843564000,
    "weightedAverageShsOutDil": 12843564000,
    "link": null,
    "finalLink": null
  },
  {
    "date": "2020-03-31",
    "symbol": "MUFG",
    "reportedCurrency": "JPY",
    "cik": "0000067088",
    "fillingDate": "2020-03-31",
    "acceptedDate": "2020-03-31 00:00:00",
    "calendarYear": "2020",
    "period": "FY",
    "revenue": 5018987000000,
    "costOfRevenue": 0,
    "grossProfit": 5018987000000,
    "grossProfitRatio": 1,
    "researchAndDevelopmentExpenses": 0,
    "generalAndAdministrativeExpenses": 2793921000000,
    "sellingAndMarketingExpenses": 0,
    "sellingGeneralAndAdministrativeExpenses": 2793921000000,
    "otherExpenses": -7063858000000,
    "operatingExpenses": -4269937000000,
    "costAndExpenses": -4269937000000,
    "interestIncome": 3841301000000,
    "interestExpense": 1948484000000,
    "depreciationAndAmortization": 1046659000000,
    "ebitda": 0,
    "ebitdaratio": 0,
    "operatingIncome": 749050000000,
    "operatingIncomeRatio": 0.1492432636,
    "totalOtherIncomeExpensesNet": 80393000000,
    "incomeBeforeTax": 829443000000,
    "incomeBeforeTaxRatio": 0.1652610377,
    "incomeTaxExpense": 220899000000,
    "netIncome": 528151000000,
    "netIncomeRatio": 0.1052305973,
    "eps": 40.95,
    "epsdiluted": 40.71,
    "weightedAverageShsOut": 12897317000,
    "weightedAverageShsOutDil": 12897483000,
    "link": null,
    "finalLink": null
  },
  {
    "date": "2019-03-31",
    "symbol": "MUFG",
    "reportedCurrency": "JPY",
    "cik": "0000067088",
    "fillingDate": "2019-07-10",
    "acceptedDate": "2019-07-10 06:18:43",
    "calendarYear": "2019",
    "period": "FY",
    "revenue": 4586132000000,
    "costOfRevenue": 2046000000,
    "grossProfit": 4584086000000,
    "grossProfitRatio": 0.9995538724,
    "researchAndDevelopmentExpenses": 0,
    "generalAndAdministrativeExpenses": 2688047000000,
    "sellingAndMarketingExpenses": 0,
    "sellingGeneralAndAdministrativeExpenses": 2688047000000,
    "otherExpenses": -2975414000000,
    "operatingExpenses": -1706253000000,
    "costAndExpenses": -1706253000000,
    "interestIncome": 3732203000000,
    "interestExpense": 1809580000000,
    "depreciationAndAmortization": 340201000000,
    "ebitda": 0,
    "ebitdaratio": 0,
    "operatingIncome": 2877833000000,
    "operatingIncomeRatio": 0.6275076688,
    "totalOtherIncomeExpensesNet": -932040000000,
    "incomeBeforeTax": 1145327000000,
    "incomeBeforeTaxRatio": 0.2497370333,
    "incomeTaxExpense": 195568000000,
    "netIncome": 872689000000,
    "netIncomeRatio": 0.190288679,
    "eps": 66.91,
    "epsdiluted": 66.61,
    "weightedAverageShsOut": 13042072000,
    "weightedAverageShsOutDil": 13101471251,
    "link": "https://www.sec.gov/Archives/edgar/data/67088/000119312519191525/0001193125-19-191525-index.htm",
    "finalLink": "https://www.sec.gov/Archives/edgar/data/67088/000119312519191525/d685488d20f.htm"
  },
  {
    "date": "2018-03-31",
    "symbol": "MUFG",
    "reportedCurrency": "JPY",
    "cik": "0000067088",
    "fillingDate": "2018-07-12",
    "acceptedDate": "2018-07-12 06:18:52",
    "calendarYear": "2018",
    "period": "FY",
    "revenue": 4516939000000,
    "costOfRevenue": 0,
    "grossProfit": 4516939000000,
    "grossProfitRatio": 1,
    "researchAndDevelopmentExpenses": 0,
    "generalAndAdministrativeExpenses": 1191340000000,
    "sellingAndMarketingExpenses": 0,
    "sellingGeneralAndAdministrativeExpenses": 1191340000000,
    "otherExpenses": -3216960000000,
    "operatingExpenses": -2025620000000,
    "costAndExpenses": -2025620000000,
    "interestIncome": 3094986000000,
    "interestExpense": 1188219000000,
    "depreciationAndAmortization": 338810000000,
    "ebitda": 0,
    "ebitdaratio": 0,
    "operatingIncome": 2491319000000,
    "operatingIncomeRatio": 0.5515502866,
    "totalOtherIncomeExpensesNet": -1232035000000,
    "incomeBeforeTax": 1409377000000,
    "incomeBeforeTaxRatio": 0.3120203749,
    "incomeTaxExpense": 313436000000,
    "netIncome": 1228160000000,
    "netIncomeRatio": 0.2719009489,
    "eps": 92.52,
    "epsdiluted": 92.1,
    "weightedAverageShsOut": 13274746000,
    "weightedAverageShsOutDil": 13335070575,
    "link": "https://www.sec.gov/Archives/edgar/data/67088/000119312518216433/0001193125-18-216433-index.htm",
    "finalLink": "https://www.sec.gov/Archives/edgar/data/67088/000119312518216433/d528020d20f.htm"
  },
  {
    "date": "2017-03-31",
    "symbol": "MUFG",
    "reportedCurrency": "JPY",
    "cik": "0000067088",
    "fillingDate": "2017-07-14",
    "acceptedDate": "2017-07-14 06:17:16",
    "calendarYear": "2017",
    "period": "FY",
    "revenue": 4136746000000,
    "costOfRevenue": 0,
    "grossProfit": 4136746000000,
    "grossProfitRatio": 1,
    "researchAndDevelopmentExpenses": 0,
    "generalAndAdministrativeExpenses": 2576839000000,
    "sellingAndMarketingExpenses": 273675000000,
    "sellingGeneralAndAdministrativeExpenses": 2850514000000,
    "otherExpenses": -6714717000000,
    "operatingExpenses": -3864203000000,
    "costAndExpenses": -3864203000000,
    "interestIncome": 2024487000000,
    "interestExpense": 769639000000,
    "depreciationAndAmortization": 333148000000,
    "ebitda": 0,
    "ebitdaratio": 0,
    "operatingIncome": 272543000000,
    "operatingIncomeRatio": 0.0658834262,
    "totalOtherIncomeExpensesNet": -135903000000,
    "incomeBeforeTax": 1303228000000,
    "incomeBeforeTaxRatio": 0.315036988,
    "incomeTaxExpense": 342176000000,
    "netIncome": 926440000000,
    "netIncomeRatio": 0.2239538033,
    "eps": 68.27,
    "epsdiluted": 67.99,
    "weightedAverageShsOut": 13568248389,
    "weightedAverageShsOutDil": 13568248389,
    "link": "https://www.sec.gov/Archives/edgar/data/67088/000119312517227940/0001193125-17-227940-index.htm",
    "finalLink": "https://www.sec.gov/Archives/edgar/data/67088/000119312517227940/d337645d20f.htm"
  },
  {
    "date": "2016-03-31",
    "symbol": "MUFG",
    "reportedCurrency": "JPY",
    "cik": "0000067088",
    "fillingDate": "2016-07-15",
    "acceptedDate": "2016-07-15 06:31:29",
    "calendarYear": "2016",
    "period": "FY",
    "revenue": 4781872000000,
    "costOfRevenue": 0,
    "grossProfit": 4781872000000,
    "grossProfitRatio": 1,
    "researchAndDevelopmentExpenses": 0,
    "generalAndAdministrativeExpenses": 1250750000000,
    "sellingAndMarketingExpenses": 285387000000,
    "sellingGeneralAndAdministrativeExpenses": 1536137000000,
    "otherExpenses": -5155339000000,
    "operatingExpenses": -3619202000000,
    "costAndExpenses": -3619202000000,
    "interestIncome": 2769246000000,
    "interestExpense": 655731000000,
    "depreciationAndAmortization": 315458000000,
    "ebitda": 0,
    "ebitdaratio": 0,
    "operatingIncome": 1162670000000,
    "operatingIncomeRatio": 0.2431411799,
    "totalOtherIncomeExpensesNet": 336099000000,
    "incomeBeforeTax": 1498769000000,
    "incomeBeforeTaxRatio": 0.3134272519,
    "incomeTaxExpense": 460204000000,
    "netIncome": 951402000000,
    "netIncomeRatio": 0.1989601562,
    "eps": 68.51,
    "epsdiluted": 68.51,
    "weightedAverageShsOut": 13886503000,
    "weightedAverageShsOutDil": 13956315095,
    "link": "https://www.sec.gov/Archives/edgar/data/67088/000119312516648782/0001193125-16-648782-index.htm",
    "finalLink": "https://www.sec.gov/Archives/edgar/data/67088/000119312516648782/d140673d20f.htm"
  },
  {
    "date": "2015-03-31",
    "symbol": "MUFG",
    "reportedCurrency": "JPY",
    "cik": "0000067088",
    "fillingDate": "2015-07-27",
    "acceptedDate": "2015-07-27 07:07:13",
    "calendarYear": "2015",
    "period": "FY",
    "revenue": 4655457000000,
    "costOfRevenue": 0,
    "grossProfit": 4655457000000,
    "grossProfitRatio": 1,
    "researchAndDevelopmentExpenses": 0,
    "generalAndAdministrativeExpenses": 1212903000000,
    "sellingAndMarketingExpenses": 248136000000,
    "sellingGeneralAndAdministrativeExpenses": 1461039000000,
    "otherExpenses": -3853840000000,
    "operatingExpenses": -2392801000000,
    "costAndExpenses": -2392801000000,
    "interestIncome": 2763052000000,
    "interestExpense": 663184000000,
    "depreciationAndAmortization": 331012000000,
    "ebitda": 0,
    "ebitdaratio": 0,
    "operatingIncome": 2262656000000,
    "operatingIncomeRatio": 0.4860223175,
    "totalOtherIncomeExpensesNet": -1032896000000,
    "incomeBeforeTax": 2262656000000,
    "incomeBeforeTaxRatio": 0.4860223175,
    "incomeTaxExpense": 666020000000,
    "netIncome": 1531127000000,
    "netIncomeRatio": 0.3288886569,
    "eps": 73.21,
    "epsdiluted": 72.94,
    "weightedAverageShsOut": 14118469000,
    "weightedAverageShsOutDil": 14137645000,
    "link": "https://www.sec.gov/Archives/edgar/data/67088/000095012315007710/0000950123-15-007710-index.htm",
    "finalLink": "https://www.sec.gov/Archives/edgar/data/67088/000095012315007710/d868797d20f.htm"
  }
]