[
  {
    "date": "2024-12-31",
    "symbol": "MUFG",
    "reportedCurrency": "JPY",
    "cik": "0000067088",
    "fillingDate": "2024-12-31",
    "acceptedDate": "2024-12-31 00:00:00",
    "calendarYear": "2025",
    "period": "Q3",
    "revenue": 1682834000000,
    "costOfRevenue": 0,
    "grossProfit": 1682834000000,
    "grossProfitRatio": 1,
    "researchAndDevelopmentExpenses": 0,
    "generalAndAdministrativeExpenses": 785240000000,
    "sellingAndMarketingExpenses": 0,
    "sellingGeneralAndAdministrativeExpenses": 785240000000,
    "otherExpenses": 897594000000,
    "operatingExpenses": 1682834000000,
    "costAndExpenses": 1682834000000,
    "interestIncome": 2126136000000,
    "interestExpense": 1460673000000,
    "depreciationAndAmortization": 0,
    "ebitda": 0,
    "ebitdaratio": 0,
    "operatingIncome": -4249836000000,
    "operatingIncomeRatio": -2.5254041694,
    "totalOtherIncomeExpensesNet": 4914081000000,
    "incomeBeforeTax": 664245000000,
    "incomeBeforeTaxRatio": 0.3947180768,
    "incomeTaxExpense": 151230000000,
    "netIncome": 490744000000,
    "netIncomeRatio": 0.2916175927,
    "eps": 41.84,
    "epsdiluted": 41.84,
    "weightedAverageShsOut": 11727721518,
    "weightedAverageShsOutDil": 11727721518,
    "link": null,
    "finalLink": null
  },
  {
    "date": "2024-09-30",
    "symbol": "MUFG",
    "reportedCurrency": "JPY",
    "cik": "0000067088",
    "fillingDate": "2024-11-29",
    "acceptedDate": "2024-11-29 06:06:27",
    "calendarYear": "2025",
    "period": "Q2",
    "revenue": 1801938000000,
    "costOfRevenue": 0,
    "grossProfit": 1801938000000,
    "grossProfitRatio": 1,
    "researchAndDevelopmentExpenses": 0,
    "generalAndAdministrativeExpenses": 731703000000,
    "sellingAndMarketingExpenses": 0,
    "sellingGeneralAndAdministrativeExpenses": 731703000000,
    "otherExpenses": 1070235000000,
    "operatingExpenses": 1801938000000,
    "costAndExpenses": 1801938000000,
    "interestIncome": 2004415000000,
    "interestExpense": 1318992000000,
    "depreciationAndAmortization": 0,
    "ebitda": 0,
    "ebitdaratio": 0,
    "operatingIncome": -4649558000000,
    "operatingIncomeRatio": -2.5803096444,
    "totalOtherIncomeExpensesNet": 5655345000000,
    "incomeBeforeTax": 1005787000000,
    "incomeBeforeTaxRatio": 0.558169593,
    "incomeTaxExpense": 275424000000,
    "netIncome": 702301000000,
    "netIncomeRatio": 0.389747594,
    "eps": 0,
    "epsdiluted": 0,
    "weightedAverageShsOut": 0,
    "weightedAverageShsOutDil": 0,
    "link": "https://www.sec.gov/Archives/edgar/data/67088/000119312524267636/0001193125-24-267636-index.htm",
    "finalLink": "https://www.sec.gov/Archives/edgar/data/67088/000119312524267636/0001193125-24-267636.txt"
  },
  {
    "date": "2024-06-30",
    "symbol": "MUFG",
    "reportedCurrency": "JPY",
    "cik": "0000067088",
    "fillingDate": "2024-06-25",
    "acceptedDate": "2024-06-25 06:05:57",
    "calendarYear": "2025",
    "period": "Q1",
    "revenue": 2000653000000,
    "costOfRevenue": -1231258000000,
    "grossProfit": 3231911000000,
    "grossProfitRatio": 1.6154280627,
    "researchAndDevelopmentExpenses": 0,
    "generalAndAdministrativeExpenses": 844873000000,
    "sellingAndMarketingExpenses": 0,
    "sellingGeneralAndAdministrativeExpenses": 844873000000,
    "otherExpenses": 0,
    "operatingExpenses": 844873000000,
    "costAndExpenses": 844873000000,
    "interestIncome": 2353006000000,
    "interestExpense": 1529894000000,
    "depreciationAndAmortization": -1184992000000,
    "ebitda": -29212000000,
    "ebitdaratio": -0.0146012327,
    "operatingIncome": 1155780000000,
    "operatingIncomeRatio": 0.5777013805,
    "totalOtherIncomeExpensesNet": -419719000000,
    "incomeBeforeTax": 736061000000,
    "incomeBeforeTaxRatio": 0.3679103773,
    "incomeTaxExpense": 153785000000,
    "netIncome": 555894000000,
    "netIncomeRatio": 0.2778562799,
    "eps": 47.4,
    "epsdiluted": 47.4,
    "weightedAverageShsOut": 11727721518,
    "weightedAverageShsOutDil": 11727721518,
    "link": "https://www.sec.gov/Archives/edgar/data/67088/000119312524167410/0001193125-24-167410-index.htm",
    "finalLink": "https://www.sec.gov/Archives/edgar/data/67088/000119312524167410/0001193125-24-167410.txt"
  },
  {
    "date": "2024-03-31",
    "symbol": "MUFG",
    "reportedCurrency": "JPY",
    "cik": "0000067088",
    "fillingDate": "2024-07-30",
    "acceptedDate": "2024-07-30 16:43:01",
    "calendarYear": "2024",
    "period": "Q4",
    "revenue": 2715038000000,
    "costOfRevenue": 0,
    "grossProfit": 2715038000000,
    "grossProfitRatio": 1,
    "researchAndDevelopmentExpenses": 0,
    "generalAndAdministrativeExpenses": 797303000000,
    "sellingAndMarketingExpenses": 0,
    "sellingGeneralAndAdministrativeExpenses": 797303000000,
    "otherExpenses": -1079660000000,
    "operatingExpenses": 1079660000000,
    "costAndExpenses": 2631090000000,
    "interestIncome": 2124651000000,
    "interestExpense": 1466829000000,
    "depreciationAndAmortization": 98198000000,
    "ebitda": 0,
    "ebitdaratio": 0,
    "operatingIncome": -387168000000,
    "operatingIncomeRatio": -0.142601319,
    "totalOtherIncomeExpensesNet": -514627000000,
    "incomeBeforeTax": 651166000000,
    "incomeBeforeTaxRatio": 0.2398367905,
    "incomeTaxExpense": 71132000000,
    "netIncome": 192865000000,
    "netIncomeRatio": 0.0710358382,
    "eps": 16.61,
    "epsdiluted": 16.55,
    "weightedAverageShsOut": 11975378623,
    "weightedAverageShsOutDil": 11975378623,
    "link": "https://www.sec.gov/Archives/edgar/data/67088/000006708824000021/0000067088-24-000021-index.htm",
    "finalLink": "https://www.sec.gov/Archives/edgar/data/67088/000006708824000021/mufg-20240331.htm"
  },
  {
    "date": "2023-12-31",
    "symbol": "MUFG",
    "reportedCurrency": "JPY",
    "cik": "0000067088",
    "fillingDate": "2023-11-29",
    "acceptedDate": "2023-11-29 06:07:02",
    "calendarYear": "2024",
    "period": "Q3",
    "revenue": 1452950000000,
    "costOfRevenue": 0,
    "grossProfit": 1452950000000,
    "grossProfitRatio": 1,
    "researchAndDevelopmentExpenses": 0,
    "generalAndAdministrativeExpenses": 698537000000,
    "sellingAndMarketingExpenses": 0,
    "sellingGeneralAndAdministrativeExpenses": 698537000000,
    "otherExpenses": -1648564000000,
    "operatingExpenses": -950027000000,
    "costAndExpenses": -950027000000,
    "interestIncome": 1811638000000,
    "interestExpense": 1241395000000,
    "depreciationAndAmortization": 88465000000,
    "ebitda": 3439472000000,
    "ebitdaratio": 2.3672335593,
    "operatingIncome": 502923000000,
    "operatingIncomeRatio": 0.346139234,
    "totalOtherIncomeExpensesNet": -1879358000000,
    "incomeBeforeTax": 523619000000,
    "incomeBeforeTaxRatio": 0.360383358,
    "incomeTaxExpense": 132288000000,
    "netIncome": 370635000000,
    "netIncomeRatio": 0.2550913658,
    "eps": 30.91,
    "epsdiluted": 30.91,
    "weightedAverageShsOut": 11990779682,
    "weightedAverageShsOutDil": 11990779682,
    "link": "https://www.sec.gov/Archives/edgar/data/67088/000119312523284648/0001193125-23-284648-index.htm",
    "finalLink": "https://www.sec.gov/Archives/edgar/data/67088/000119312523284648/0001193125-23-284648.txt"
  },
  {
    "date": "2023-09-30",
    "symbol": "MUFG",
    "reportedCurrency": "JPY",
    "cik": "0000067088",
    "fillingDate": "2023-12-26",
    "acceptedDate": "2023-12-26 06:04:00",
    "calendarYear": "2024",
    "period": "Q2",
    "revenue": 1547487000000,
    "costOfRevenue": 0,
    "grossProfit": 1547487000000,
    "grossProfitRatio": 1,
    "researchAndDevelopmentExpenses": 0,
    "generalAndAdministrativeExpenses": 719987000000,
    "sellingAndMarketingExpenses": 0,
    "sellingGeneralAndAdministrativeExpenses": 719987000000,
    "otherExpenses": -1751160000000,
    "operatingExpenses": -1031173000000,
    "costAndExpenses": -1031173000000,
    "interestIncome": 1861312000000,
    "interestExpense": 1215930000000,
    "depreciationAndAmortization": 90491000000,
    "ebitda": 3625812000000,
    "ebitdaratio": 2.343032284,
    "operatingIncome": 516314000000,
    "operatingIncomeRatio": 0.3336467447,
    "totalOtherIncomeExpensesNet": -2044628000000,
    "incomeBeforeTax": 534032000000,
    "incomeBeforeTaxRatio": 0.3450962754,
    "incomeTaxExpense": 147422000000,
    "netIncome": 368892000000,
    "netIncomeRatio": 0.238381324,
    "eps": 30.67,
    "epsdiluted": 30.6,
    "weightedAverageShsOut": 12026030182,
    "weightedAverageShsOutDil": 12054982647,
    "link": "https://www.sec.gov/Archives/edgar/data/67088/000006708823000015/0000067088-23-000015-index.htm",
    "finalLink": "https://www.sec.gov/Archives/edgar/data/67088/000006708823000015/mufg-20230930_d2.htm"
  },
  {
    "date": "2023-06-30",
    "symbol": "MUFG",
    "reportedCurrency": "JPY",
    "cik": "0000067088",
    "fillingDate": "2023-06-27",
    "acceptedDate": "2023-06-27 06:02:54",
    "calendarYear": "2024",
    "period": "Q1",
    "revenue": 1396152000000,
    "costOfRevenue": 0,
    "grossProfit": 1396152000000,
    "grossProfitRatio": 1,
    "researchAndDevelopmentExpenses": 0,
    "generalAndAdministrativeExpenses": 705048000000,
    "sellingAndMarketingExpenses": 0,
    "sellingGeneralAndAdministrativeExpenses": 705048000000,
    "otherExpenses": -1415311000000,
    "operatingExpenses": -710263000000,
    "costAndExpenses": -710263000000,
    "interestIncome": 1671075000000,
    "interestExpense": 1086946000000,
    "depreciationAndAmortization": 85213000000,
    "ebitda": 3063518000000,
    "ebitdaratio": 2.1942582183,
    "operatingIncome": 685889000000,
    "operatingIncomeRatio": 0.4912710077,
    "totalOtherIncomeExpensesNet": -1403355000000,
    "incomeBeforeTax": 703061000000,
    "incomeBeforeTaxRatio": 0.5035705281,
    "incomeTaxExpense": 127500000000,
    "netIncome": 558389000000,
    "netIncomeRatio": 0.3999485729,
    "eps": 46.44,
    "epsdiluted": 46.29,
    "weightedAverageShsOut": 12023926000,
    "weightedAverageShsOutDil": 12023926000,
    "link": "https://www.sec.gov/Archives/edgar/data/67088/000119312523175495/0001193125-23-175495-index.htm",
    "finalLink": "https://www.sec.gov/Archives/edgar/data/67088/000119312523175495/0001193125-23-175495.txt"
  },
  {
    "date": "2023-03-31",
    "symbol": "MUFG",
    "reportedCurrency": "JPY",
    "cik": "0000067088",
    "fillingDate": "2023-07-24",
    "acceptedDate": "2023-07-24 06:07:56",
    "calendarYear": "2023",
    "period": "Q4",
    "revenue": 1328859000000,
    "costOfRevenue": 0,
    "grossProfit": 1328859000000,
    "grossProfitRatio": 1,
    "researchAndDevelopmentExpenses": 0,
    "generalAndAdministrativeExpenses": 841243000000,
    "sellingAndMarketingExpenses": 0,
    "sellingGeneralAndAdministrativeExpenses": 841243000000,
    "otherExpenses": -456905000000,
    "operatingExpenses": 384338000000,
    "costAndExpenses": 384338000000,
    "interestIncome": 1521537000000,
    "interestExpense": 927639000000,
    "depreciationAndAmortization": 83716000000,
    "ebitda": 2741434000000,
    "ebitdaratio": 2.0629984069,
    "operatingIncome": 1713197000000,
    "operatingIncomeRatio": 1.2892240637,
    "totalOtherIncomeExpensesNet": -158963000000,
    "incomeBeforeTax": 785558000000,
    "incomeBeforeTaxRatio": 0.5911522592,
    "incomeTaxExpense": -11916000000,
    "netIncome": 773321000000,
    "netIncomeRatio": 0.5819436073,
    "eps": 64.38,
    "epsdiluted": 62.99,
    "weightedAverageShsOut": 12012667199,
    "weightedAverageShsOutDil": 12268085454,
    "link": "https://www.sec.gov/Archives/edgar/data/67088/000006708823000008/0000067088-23-000008-index.htm",
    "finalLink": "https://www.sec.gov/Archives/edgar/data/67088/000006708823000008/mufg-20230331.htm"
  },
  {
    "date": "2022-12-31",
    "symbol": "MUFG",
    "reportedCurrency": "JPY",
    "cik": "0000067088",
    "fillingDate": "2022-11-29",
    "acceptedDate": "2022-11-29 06:13:55",
    "calendarYear": "2023",
    "period": "Q3",
    "revenue": 1503286000000,
    "costOfRevenue": 0,
    "grossProfit": 1503286000000,
    "grossProfitRatio": 1,
    "researchAndDevelopmentExpenses": 0,
    "generalAndAdministrativeExpenses": 776790000000,
    "sellingAndMarketingExpenses": 0,
    "sellingGeneralAndAdministrativeExpenses": 776790000000,
    "otherExpenses": -1310504000000,
    "operatingExpenses": -533714000000,
    "costAndExpenses": -533714000000,
    "interestIncome": 1413797000000,
    "interestExpense": 754599000000,
    "depreciationAndAmortization": 86775000000,
    "ebitda": 1091995000000,
    "ebitdaratio": 0.7264053547,
    "operatingIncome": 969572000000,
    "operatingIncomeRatio": 0.6449684225,
    "totalOtherIncomeExpensesNet": -479669000000,
    "incomeBeforeTax": 250621000000,
    "incomeBeforeTaxRatio": 0.1667154487,
    "incomeTaxExpense": 120713000000,
    "netIncome": 112084000000,
    "netIncomeRatio": 0.074559332,
    "eps": 9.19,
    "epsdiluted": 9.19,
    "weightedAverageShsOut": 12195982089,
    "weightedAverageShsOutDil": 12195982089,
    "link": "https://www.sec.gov/Archives/edgar/data/67088/000119312522293816/0001193125-22-293816-index.htm",
    "finalLink": "https://www.sec.gov/Archives/edgar/data/67088/000119312522293816/0001193125-22-293816.txt"
  },
  {
    "date": "2022-09-30",
    "symbol": "MUFG",
    "reportedCurrency": "JPY",
    "cik": "0000067088",
    "fillingDate": "2022-12-27",
    "acceptedDate": "2022-12-27 06:09:50",
    "calendarYear": "2023",
    "period": "Q2",
    "revenue": 1537860000000,
    "costOfRevenue": 0,
    "grossProfit": 1537860000000,
    "grossProfitRatio": 1,
    "researchAndDevelopmentExpenses": 0,
    "generalAndAdministrativeExpenses": 729293000000,
    "sellingAndMarketingExpenses": 0,
    "sellingGeneralAndAdministrativeExpenses": 729293000000,
    "otherExpenses": -1545994000000,
    "operatingExpenses": -816701000000,
    "costAndExpenses": -816701000000,
    "interestIncome": 1158255000000,
    "interestExpense": 471666000000,
    "depreciationAndAmortization": 84703000000,
    "ebitda": 849070000000,
    "ebitdaratio": 0.5521113755,
    "operatingIncome": 721159000000,
    "operatingIncomeRatio": 0.4689367043,
    "totalOtherIncomeExpensesNet": -436373000000,
    "incomeBeforeTax": 292701000000,
    "incomeBeforeTaxRatio": 0.1903300691,
    "incomeTaxExpense": 153691000000,
    "netIncome": 117406000000,
    "netIncomeRatio": 0.0763437504,
    "eps": 9.47,
    "epsdiluted": 9.33,
    "weightedAverageShsOut": 12392244608,
    "weightedAverageShsOutDil": 12588071000,
    "link": "https://www.sec.gov/Archives/edgar/data/67088/000006708822000011/0000067088-22-000011-index.htm",
    "finalLink": "https://www.sec.gov/Archives/edgar/data/67088/000006708822000011/mufg-20220930_d2.htm"
  },
  {
    "date": "2022-06-30",
    "symbol": "MUFG",
    "reportedCurrency": "JPY",
    "cik": "0000067088",
    "fillingDate": "2022-07-08",
    "acceptedDate": "2022-07-08 06:12:32",
    "calendarYear": "2023",
    "period": "Q1",
    "revenue": 1687227000000,
    "costOfRevenue": 0,
    "grossProfit": 1687227000000,
    "grossProfitRatio": 1,
    "researchAndDevelopmentExpenses": 0,
    "generalAndAdministrativeExpenses": 700110000000,
    "sellingAndMarketingExpenses": 0,
    "sellingGeneralAndAdministrativeExpenses": 700110000000,
    "otherExpenses": -1405664000000,
    "operatingExpenses": 700110000000,
    "costAndExpenses": 700110000000,
    "interestIncome": 1205351000000,
    "interestExpense": 218827000000,
    "depreciationAndAmortization": 79442000000,
    "ebitda": 409126000000,
    "ebitdaratio": 0.2424842656,
    "operatingIncome": 419392000000,
    "operatingIncomeRatio": 0.2485688055,
    "totalOtherIncomeExpensesNet": -746075000000,
    "incomeBeforeTax": 241043000000,
    "incomeBeforeTaxRatio": 0.1428634084,
    "incomeTaxExpense": 107119000000,
    "netIncome": 113685000000,
    "netIncomeRatio": 0.0673797894,
    "eps": 9.03,
    "epsdiluted": 9.03,
    "weightedAverageShsOut": 12586897926,
    "weightedAverageShsOutDil": 12588071000,
    "link": "https://www.sec.gov/Archives/edgar/data/67088/000006708822000005/0000067088-22-000005-index.htm",
    "finalLink": "https://www.sec.gov/Archives/edgar/data/67088/000006708822000005/mufg-20220331.htm"
  },
  {
    "date": "2022-03-31",
    "symbol": "MUFG",
    "reportedCurrency": "JPY",
    "cik": "0000067088",
    "fillingDate": "2022-07-08",
    "acceptedDate": "2022-07-08 06:12:32",
    "calendarYear": "2022",
    "period": "Q4",
    "revenue": 1286944000000,
    "costOfRevenue": 0,
    "grossProfit": 1286944000000,
    "grossProfitRatio": 1,
    "researchAndDevelopmentExpenses": 0,
    "generalAndAdministrativeExpenses": 740344000000,
    "sellingAndMarketingExpenses": 0,
    "sellingGeneralAndAdministrativeExpenses": 740344000000,
    "otherExpenses": -1845675000000,
    "operatingExpenses": -1105331000000,
    "costAndExpenses": -1105331000000,
    "interestIncome": 700212000000,
    "interestExpense": 147963000000,
    "depreciationAndAmortization": 93800000000,
    "ebitda": 165488000000,
    "ebitdaratio": 0.1285898998,
    "operatingIncome": 181613000000,
    "operatingIncomeRatio": 0.1411195825,
    "totalOtherIncomeExpensesNet": -2358625000000,
    "incomeBeforeTax": 33650000000,
    "incomeBeforeTaxRatio": 0.0261472139,
    "incomeTaxExpense": -42917000000,
    "netIncome": 60442000000,
    "netIncomeRatio": 0.0469655245,
    "eps": 4.78,
    "epsdiluted": 4.71,
    "weightedAverageShsOut": 12655506332,
    "weightedAverageShsOutDil": 12840402000,
    "link": "https://www.sec.gov/Archives/edgar/data/67088/000006708822000005/0000067088-22-000005-index.htm",
    "finalLink": "https://www.sec.gov/Archives/edgar/data/67088/000006708822000005/mufg-20220331.htm"
  },
  {
    "date": "2021-12-31",
    "symbol": "MUFG",
    "reportedCurrency": "JPY",
    "cik": "0000067088",
    "fillingDate": "2021-11-29",
    "acceptedDate": "2021-11-29 06:16:02",
    "calendarYear": "2022",
    "period": "Q3",
    "revenue": 1203165000000,
    "costOfRevenue": 594000000,
    "grossProfit": 1202571000000,
    "grossProfitRatio": 0.9995063021,
    "researchAndDevelopmentExpenses": 0,
    "generalAndAdministrativeExpenses": 672944000000,
    "sellingAndMarketingExpenses": 0,
    "sellingGeneralAndAdministrativeExpenses": 672944000000,
    "otherExpenses": -1347312000000,
    "operatingExpenses": -674368000000,
    "costAndExpenses": -673774000000,
    "interestIncome": 626794000000,
    "interestExpense": 127937000000,
    "depreciationAndAmortization": 90975000000,
    "ebitda": 0,
    "ebitdaratio": 0,
    "operatingIncome": 528203000000,
    "operatingIncomeRatio": 0.4390112744,
    "totalOtherIncomeExpensesNet": -1387853000000,
    "incomeBeforeTax": 400266000000,
    "incomeBeforeTaxRatio": 0.3326775629,
    "incomeTaxExpense": 100582000000,
    "netIncome": 288965000000,
    "netIncomeRatio": 0.2401707164,
    "eps": 23.34,
    "epsdiluted": 23.34,
    "weightedAverageShsOut": 12839240000,
    "weightedAverageShsOutDil": 12840402000,
    "link": "https://www.sec.gov/Archives/edgar/data/67088/000119312521341519/0001193125-21-341519-index.htm",
    "finalLink": "https://www.sec.gov/Archives/edgar/data/67088/000119312521341519/0001193125-21-341519.txt"
  },
  {
    "date": "2021-09-30",
    "symbol": "MUFG",
    "reportedCurrency": "JPY",
    "cik": "0000067088",
    "fillingDate": "2021-12-27",
    "acceptedDate": "2021-12-27 06:05:42",
    "calendarYear": "2022",
    "period": "Q2",
    "revenue": 1106641000000,
    "costOfRevenue": 0,
    "grossProfit": 1106641000000,
    "grossProfitRatio": 1,
    "researchAndDevelopmentExpenses": 0,
    "generalAndAdministrativeExpenses": 662034000000,
    "sellingAndMarketingExpenses": 0,
    "sellingGeneralAndAdministrativeExpenses": 662034000000,
    "otherExpenses": -443415000000,
    "operatingExpenses": -443415000000,
    "costAndExpenses": -443415000000,
    "interestIncome": 628391000000,
    "interestExpense": 132909000000,
    "depreciationAndAmortization": 88925000000,
    "ebitda": 562386000000,
    "ebitdaratio": 0.5081919069,
    "operatingIncome": 663226000000,
    "operatingIncomeRatio": 0.5993145022,
    "totalOtherIncomeExpensesNet": 114562000000,
    "incomeBeforeTax": 559171000000,
    "incomeBeforeTaxRatio": 0.505286719,
    "incomeTaxExpense": 131966000000,
    "netIncome": 398351000000,
    "netIncomeRatio": 0.3599640715,
    "eps": 31.03,
    "epsdiluted": 31.02,
    "weightedAverageShsOut": 12839240000,
    "weightedAverageShsOutDil": 12840402000,
    "link": "https://www.sec.gov/Archives/edgar/data/67088/000006708821000010/0000067088-21-000010-index.htm",
    "finalLink": "https://www.sec.gov/Archives/edgar/data/67088/000006708821000010/mufg-20210930_d2.htm"
  },
  {
    "date": "2021-06-30",
    "symbol": "MUFG",
    "reportedCurrency": "JPY",
    "cik": "0000067088",
    "fillingDate": "2021-07-09",
    "acceptedDate": "2021-07-09 06:21:23",
    "calendarYear": "2022",
    "period": "Q1",
    "revenue": 1195393000000,
    "costOfRevenue": 0,
    "grossProfit": 1195393000000,
    "grossProfitRatio": 1,
    "researchAndDevelopmentExpenses": 0,
    "generalAndAdministrativeExpenses": 671518000000,
    "sellingAndMarketingExpenses": 0,
    "sellingGeneralAndAdministrativeExpenses": 671518000000,
    "otherExpenses": -583389000000,
    "operatingExpenses": -583389000000,
    "costAndExpenses": -583389000000,
    "interestIncome": 632043000000,
    "interestExpense": 135143000000,
    "depreciationAndAmortization": 89550000000,
    "ebitda": 1196307000000,
    "ebitdaratio": 1.0007646021,
    "operatingIncome": 612004000000,
    "operatingIncomeRatio": 0.5119688671,
    "totalOtherIncomeExpensesNet": -610494000000,
    "incomeBeforeTax": 496770000000,
    "incomeBeforeTaxRatio": 0.4155704442,
    "incomeTaxExpense": 93779000000,
    "netIncome": 383082000000,
    "netIncomeRatio": 0.3204653198,
    "eps": 29.83,
    "epsdiluted": 29.74,
    "weightedAverageShsOut": 12839240000,
    "weightedAverageShsOutDil": 12840402000,
    "link": "https://www.sec.gov/Archives/edgar/data/67088/000119312521211223/0001193125-21-211223-index.htm",
    "finalLink": "https://www.sec.gov/Archives/edgar/data/67088/000119312521211223/d137472d20f.htm"
  },
  {
    "date": "2021-03-31",
    "symbol": "MUFG",
    "reportedCurrency": "JPY",
    "cik": "0000067088",
    "fillingDate": "2021-07-09",
    "acceptedDate": "2021-07-09 06:21:23",
    "calendarYear": "2021",
    "period": "Q4",
    "revenue": 1156706000000,
    "costOfRevenue": 0,
    "grossProfit": 1156706000000,
    "grossProfitRatio": 1,
    "researchAndDevelopmentExpenses": 0,
    "generalAndAdministrativeExpenses": 1993209000000,
    "sellingAndMarketingExpenses": -1817650000000,
    "sellingGeneralAndAdministrativeExpenses": 175559000000,
    "otherExpenses": -798820000000,
    "operatingExpenses": -798820000000,
    "costAndExpenses": -798820000000,
    "interestIncome": 667938000000,
    "interestExpense": 154005000000,
    "depreciationAndAmortization": 92754000000,
    "ebitda": 2066508000000,
    "ebitdaratio": 1.7865455872,
    "operatingIncome": 357886000000,
    "operatingIncomeRatio": 0.309401006,
    "totalOtherIncomeExpensesNet": -1733417000000,
    "incomeBeforeTax": 222109000000,
    "incomeBeforeTaxRatio": 0.1920185423,
    "incomeTaxExpense": 33900000000,
    "netIncome": 169981000000,
    "netIncomeRatio": 0.1469526397,
    "eps": 13.24,
    "epsdiluted": 13.2,
    "weightedAverageShsOut": 12840897000,
    "weightedAverageShsOutDil": 12876631579,
    "link": "https://www.sec.gov/Archives/edgar/data/67088/000119312521211223/0001193125-21-211223-index.htm",
    "finalLink": "https://www.sec.gov/Archives/edgar/data/67088/000119312521211223/d137472d20f.htm"
  },
  {
    "date": "2020-12-31",
    "symbol": "MUFG",
    "reportedCurrency": "JPY",
    "cik": "0000067088",
    "fillingDate": "2020-11-30",
    "acceptedDate": "2020-11-30 06:20:02",
    "calendarYear": "2021",
    "period": "Q3",
    "revenue": 1068319000000,
    "costOfRevenue": 0,
    "grossProfit": 1068319000000,
    "grossProfitRatio": 1,
    "researchAndDevelopmentExpenses": 0,
    "generalAndAdministrativeExpenses": 2022825000000,
    "sellingAndMarketingExpenses": -887322000000,
    "sellingGeneralAndAdministrativeExpenses": 1135503000000,
    "otherExpenses": -695288000000,
    "operatingExpenses": -695288000000,
    "costAndExpenses": -695288000000,
    "interestIncome": 572660000000,
    "interestExpense": 148030000000,
    "depreciationAndAmortization": 569875000000,
    "ebitda": 878690000000,
    "ebitdaratio": 0.8224977745,
    "operatingIncome": 373031000000,
    "operatingIncomeRatio": 0.3491756676,
    "totalOtherIncomeExpensesNet": -380796000000,
    "incomeBeforeTax": 247308000000,
    "incomeBeforeTaxRatio": 0.2314926534,
    "incomeTaxExpense": 18790000000,
    "netIncome": 206211000000,
    "netIncomeRatio": 0.1930238066,
    "eps": 16.06,
    "epsdiluted": 16.01,
    "weightedAverageShsOut": 12840897000,
    "weightedAverageShsOutDil": 12876631579,
    "link": "https://www.sec.gov/Archives/edgar/data/67088/000119312520304875/0001193125-20-304875-index.htm",
    "finalLink": "https://www.sec.gov/Archives/edgar/data/67088/000119312520304875/0001193125-20-304875.txt"
  },
  {
    "date": "2020-09-30",
    "symbol": "MUFG",
    "reportedCurrency": "JPY",
    "cik": "0000067088",
    "fillingDate": "2020-12-29",
    "acceptedDate": "2020-12-29 07:22:12",
    "calendarYear": "2021",
    "period": "Q2",
    "revenue": 1117507000000,
    "costOfRevenue": 0,
    "grossProfit": 1117507000000,
    "grossProfitRatio": 1,
    "researchAndDevelopmentExpenses": 0,
    "generalAndAdministrativeExpenses": 658504000000,
    "sellingAndMarketingExpenses": -429686000000,
    "sellingGeneralAndAdministrativeExpenses": 228818000000,
    "otherExpenses": -654990000000,
    "operatingExpenses": -654990000000,
    "costAndExpenses": -654990000000,
    "interestIncome": 673095000000,
    "interestExpense": 175686000000,
    "depreciationAndAmortization": -1133564000000,
    "ebitda": 0,
    "ebitdaratio": 0,
    "operatingIncome": 462517000000,
    "operatingIncomeRatio": 0.4138828661,
    "totalOtherIncomeExpensesNet": -742860000000,
    "incomeBeforeTax": 308783000000,
    "incomeBeforeTaxRatio": 0.2763141528,
    "incomeTaxExpense": 69497000000,
    "netIncome": 217334000000,
    "netIncomeRatio": 0.1944811084,
    "eps": 16.93,
    "epsdiluted": 16.88,
    "weightedAverageShsOut": 12840897000,
    "weightedAverageShsOutDil": 12876631579,
    "link": "https://www.sec.gov/Archives/edgar/data/67088/000119312520328263/0001193125-20-328263-index.htm",
    "finalLink": "https://www.sec.gov/Archives/edgar/data/67088/000119312520328263/d42789dex99a.htm"
  },
  {
    "date": "2020-06-30",
    "symbol": "MUFG",
    "reportedCurrency": "JPY",
    "cik": "0000067088",
    "fillingDate": "2020-07-10",
    "acceptedDate": "2020-07-10 08:18:58",
    "calendarYear": "2021",
    "period": "Q1",
    "revenue": 1289278000000,
    "costOfRevenue": 0,
    "grossProfit": 1289278000000,
    "grossProfitRatio": 1,
    "researchAndDevelopmentExpenses": 0,
    "generalAndAdministrativeExpenses": 688686000000,
    "sellingAndMarketingExpenses": 0,
    "sellingGeneralAndAdministrativeExpenses": 688686000000,
    "otherExpenses": -746911000000,
    "operatingExpenses": -746911000000,
    "costAndExpenses": -746911000000,
    "interestIncome": 764995000000,
    "interestExpense": 295994000000,
    "depreciationAndAmortization": -285037000000,
    "ebitda": 309151000000,
    "ebitdaratio": 0.2397861439,
    "operatingIncome": 542367000000,
    "operatingIncomeRatio": 0.4206749824,
    "totalOtherIncomeExpensesNet": -336757000000,
    "incomeBeforeTax": 263836000000,
    "incomeBeforeTaxRatio": 0.2046385652,
    "incomeTaxExpense": 62881000000,
    "netIncome": 183492000000,
    "netIncomeRatio": 0.1423215164,
    "eps": 14.28,
    "epsdiluted": 14.25,
    "weightedAverageShsOut": 12840897000,
    "weightedAverageShsOutDil": 12841371000,
    "link": "https://www.sec.gov/Archives/edgar/data/67088/000119312520190825/0001193125-20-190825-index.htm",
    "finalLink": "https://www.sec.gov/Archives/edgar/data/67088/000119312520190825/d884714d20f.htm"
  },
  {
    "date": "2020-03-31",
    "symbol": "MUFG",
    "reportedCurrency": "JPY",
    "cik": "0000067088",
    "fillingDate": "2020-07-10",
    "acceptedDate": "2020-07-10 08:18:58",
    "calendarYear": "2020",
    "period": "Q4",
    "revenue": 1380751000000,
    "costOfRevenue": 0,
    "grossProfit": 1380751000000,
    "grossProfitRatio": 1,
    "researchAndDevelopmentExpenses": 0,
    "generalAndAdministrativeExpenses": 817235000000,
    "sellingAndMarketingExpenses": 0,
    "sellingGeneralAndAdministrativeExpenses": -817235000000,
    "otherExpenses": 0,
    "operatingExpenses": -817235000000,
    "costAndExpenses": -817235000000,
    "interestIncome": 927117000000,
    "interestExpense": 416416000000,
    "depreciationAndAmortization": 135943000000,
    "ebitda": 0,
    "ebitdaratio": 0,
    "operatingIncome": 400640000000,
    "operatingIncomeRatio": 0.2901609342,
    "totalOtherIncomeExpensesNet": -552359000000,
    "incomeBeforeTax": -7740000000,
    "incomeBeforeTaxRatio": -0.005605645,
    "incomeTaxExpense": 40351000000,
    "netIncome": -56127000000,
    "netIncomeRatio": -0.0406496175,
    "eps": -4.37,
    "epsdiluted": -4.36,
    "weightedAverageShsOut": 12840897000,
    "weightedAverageShsOutDil": 12876631579,
    "link": "https://www.sec.gov/Archives/edgar/data/67088/000119312520190825/0001193125-20-190825-index.htm",
    "finalLink": "https://www.sec.gov/Archives/edgar/data/67088/000119312520190825/d884714d20f.htm"
  }
]