[
  {
    "date": "2024-12-31",
    "symbol": "COP",
    "reportedCurrency": "USD",
    "cik": "0001163165",
    "fillingDate": "2025-02-18",
    "acceptedDate": "2025-02-18 14:48:53",
    "calendarYear": "2024",
    "period": "FY",
    "revenue": 54745000000,
    "costOfRevenue": 38362000000,
    "grossProfit": 16383000000,
    "grossProfitRatio": 0.2992602064,
    "researchAndDevelopmentExpenses": 0,
    "generalAndAdministrativeExpenses": 0,
    "sellingAndMarketingExpenses": 0,
    "sellingGeneralAndAdministrativeExpenses": 1158000000,
    "otherExpenses": 2442000000,
    "operatingExpenses": 3600000000,
    "costAndExpenses": 41962000000,
    "interestIncome": 77000000,
    "interestExpense": 783000000,
    "depreciationAndAmortization": 9599000000,
    "ebitda": 24379000000,
    "ebitdaratio": 0.4453192072,
    "operatingIncome": 12783000000,
    "operatingIncomeRatio": 0.2335007763,
    "totalOtherIncomeExpensesNet": 889000000,
    "incomeBeforeTax": 13672000000,
    "incomeBeforeTaxRatio": 0.2497397023,
    "incomeTaxExpense": 4427000000,
    "netIncome": 9245000000,
    "netIncomeRatio": 0.1688738698,
    "eps": 7.86,
    "epsdiluted": 7.85,
    "weightedAverageShsOut": 1178920000,
    "weightedAverageShsOutDil": 1180871000,
    "link": "https://www.sec.gov/Archives/edgar/data/1163165/000116316525000012/0001163165-25-000012-index.htm",
    "finalLink": "https://www.sec.gov/Archives/edgar/data/1163165/000116316525000012/cop-20241231.htm"
  },
  {
    "date": "2023-12-31",
    "symbol": "COP",
    "reportedCurrency": "USD",
    "cik": "0001163165",
    "fillingDate": "2024-02-15",
    "acceptedDate": "2024-02-15 14:01:15",
    "calendarYear": "2023",
    "period": "FY",
    "revenue": 57861000000,
    "costOfRevenue": 29668000000,
    "grossProfit": 28193000000,
    "grossProfitRatio": 0.4872539362,
    "researchAndDevelopmentExpenses": 81000000,
    "generalAndAdministrativeExpenses": 0,
    "sellingAndMarketingExpenses": 0,
    "sellingGeneralAndAdministrativeExpenses": 705000000,
    "otherExpenses": 0,
    "operatingExpenses": 1158000000,
    "costAndExpenses": 30826000000,
    "interestIncome": 412000000,
    "interestExpense": 1063000000,
    "depreciationAndAmortization": 8432000000,
    "ebitda": 25783000000,
    "ebitdaratio": 0.4456023919,
    "operatingIncome": 27035000000,
    "operatingIncomeRatio": 0.4672404556,
    "totalOtherIncomeExpensesNet": -10747000000,
    "incomeBeforeTax": 16288000000,
    "incomeBeforeTaxRatio": 0.2815022208,
    "incomeTaxExpense": 5331000000,
    "netIncome": 10957000000,
    "netIncomeRatio": 0.1893676224,
    "eps": 9.08,
    "epsdiluted": 9.06,
    "weightedAverageShsOut": 1202757000,
    "weightedAverageShsOutDil": 1205675000,
    "link": "https://www.sec.gov/Archives/edgar/data/1163165/000116316524000010/0001163165-24-000010-index.htm",
    "finalLink": "https://www.sec.gov/Archives/edgar/data/1163165/000116316524000010/cop-20231231.htm"
  },
  {
    "date": "2022-12-31",
    "symbol": "COP",
    "reportedCurrency": "USD",
    "cik": "0001163165",
    "fillingDate": "2023-02-16",
    "acceptedDate": "2023-02-16 12:42:43",
    "calendarYear": "2022",
    "period": "FY",
    "revenue": 78494000000,
    "costOfRevenue": 48481000000,
    "grossProfit": 30013000000,
    "grossProfitRatio": 0.3823604352,
    "researchAndDevelopmentExpenses": 71000000,
    "generalAndAdministrativeExpenses": 0,
    "sellingAndMarketingExpenses": 0,
    "sellingGeneralAndAdministrativeExpenses": 623000000,
    "otherExpenses": 3928000000,
    "operatingExpenses": 4551000000,
    "costAndExpenses": 53032000000,
    "interestIncome": 195000000,
    "interestExpense": 1055000000,
    "depreciationAndAmortization": 7844000000,
    "ebitda": 37127000000,
    "ebitdaratio": 0.4729915662,
    "operatingIncome": 28094000000,
    "operatingIncomeRatio": 0.3579127067,
    "totalOtherIncomeExpensesNet": 2766000000,
    "incomeBeforeTax": 28228000000,
    "incomeBeforeTaxRatio": 0.3596198436,
    "incomeTaxExpense": 9548000000,
    "netIncome": 18680000000,
    "netIncomeRatio": 0.237979973,
    "eps": 14.62,
    "epsdiluted": 14.57,
    "weightedAverageShsOut": 1274028000,
    "weightedAverageShsOutDil": 1278163000,
    "link": "https://www.sec.gov/Archives/edgar/data/1163165/000116316523000006/0001163165-23-000006-index.htm",
    "finalLink": "https://www.sec.gov/Archives/edgar/data/1163165/000116316523000006/cop-20221231.htm"
  },
  {
    "date": "2021-12-31",
    "symbol": "COP",
    "reportedCurrency": "USD",
    "cik": "0001163165",
    "fillingDate": "2022-02-17",
    "acceptedDate": "2022-02-17 13:20:14",
    "calendarYear": "2021",
    "period": "FY",
    "revenue": 45828000000,
    "costOfRevenue": 31060000000,
    "grossProfit": 14768000000,
    "grossProfitRatio": 0.3222484071,
    "researchAndDevelopmentExpenses": 62000000,
    "generalAndAdministrativeExpenses": 0,
    "sellingAndMarketingExpenses": 0,
    "sellingGeneralAndAdministrativeExpenses": 719000000,
    "otherExpenses": 1978000000,
    "operatingExpenses": 2697000000,
    "costAndExpenses": 33757000000,
    "interestIncome": 33000000,
    "interestExpense": 1126000000,
    "depreciationAndAmortization": 7252000000,
    "ebitda": 21090000000,
    "ebitdaratio": 0.460199005,
    "operatingIncome": 14004000000,
    "operatingIncomeRatio": 0.3055773763,
    "totalOtherIncomeExpensesNet": 641000000,
    "incomeBeforeTax": 12712000000,
    "incomeBeforeTaxRatio": 0.2773850048,
    "incomeTaxExpense": 4633000000,
    "netIncome": 8079000000,
    "netIncomeRatio": 0.1762896046,
    "eps": 6.1,
    "epsdiluted": 6.08,
    "weightedAverageShsOut": 1324194000,
    "weightedAverageShsOutDil": 1328151000,
    "link": "https://www.sec.gov/Archives/edgar/data/1163165/000156276222000031/0001562762-22-000031-index.htm",
    "finalLink": "https://www.sec.gov/Archives/edgar/data/1163165/000156276222000031/cop10k2021.htm"
  },
  {
    "date": "2020-12-31",
    "symbol": "COP",
    "reportedCurrency": "USD",
    "cik": "0001163165",
    "fillingDate": "2021-02-16",
    "acceptedDate": "2021-02-16 12:04:27",
    "calendarYear": "2020",
    "period": "FY",
    "revenue": 18784000000,
    "costOfRevenue": 17943000000,
    "grossProfit": 841000000,
    "grossProfitRatio": 0.0447721465,
    "researchAndDevelopmentExpenses": 75000000,
    "generalAndAdministrativeExpenses": 0,
    "sellingAndMarketingExpenses": 0,
    "sellingGeneralAndAdministrativeExpenses": 430000000,
    "otherExpenses": 2211000000,
    "operatingExpenses": 2641000000,
    "costAndExpenses": 20584000000,
    "interestIncome": 100000000,
    "interestExpense": 1058000000,
    "depreciationAndAmortization": 6604000000,
    "ebitda": 4522000000,
    "ebitdaratio": 0.2407367973,
    "operatingIncome": -1890000000,
    "operatingIncomeRatio": -0.1006175468,
    "totalOtherIncomeExpensesNet": -1340000000,
    "incomeBeforeTax": -3140000000,
    "incomeBeforeTaxRatio": -0.1671635434,
    "incomeTaxExpense": -485000000,
    "netIncome": -2655000000,
    "netIncomeRatio": -0.1413436968,
    "eps": -2.46,
    "epsdiluted": -2.46,
    "weightedAverageShsOut": 1078030000,
    "weightedAverageShsOutDil": 1078030000,
    "link": "https://www.sec.gov/Archives/edgar/data/1163165/000156276221000027/0001562762-21-000027-index.htm",
    "finalLink": "https://www.sec.gov/Archives/edgar/data/1163165/000156276221000027/cop10k2020.htm"
  },
  {
    "date": "2019-12-31",
    "symbol": "COP",
    "reportedCurrency": "USD",
    "cik": "0001163165",
    "fillingDate": "2020-02-18",
    "acceptedDate": "2020-02-18 12:23:02",
    "calendarYear": "2019",
    "period": "FY",
    "revenue": 32567000000,
    "costOfRevenue": 23254000000,
    "grossProfit": 9313000000,
    "grossProfitRatio": 0.2859643197,
    "researchAndDevelopmentExpenses": 82000000,
    "generalAndAdministrativeExpenses": 0,
    "sellingAndMarketingExpenses": 0,
    "sellingGeneralAndAdministrativeExpenses": 556000000,
    "otherExpenses": 1696000000,
    "operatingExpenses": 2252000000,
    "costAndExpenses": 25506000000,
    "interestIncome": 166000000,
    "interestExpense": 1104000000,
    "depreciationAndAmortization": 6511000000,
    "ebitda": 17139000000,
    "ebitdaratio": 0.5262689225,
    "operatingIncome": 9133000000,
    "operatingIncomeRatio": 0.2804372524,
    "totalOtherIncomeExpensesNet": -5415000000,
    "incomeBeforeTax": 9524000000,
    "incomeBeforeTaxRatio": 0.2924432708,
    "incomeTaxExpense": 2267000000,
    "netIncome": 7189000000,
    "netIncomeRatio": 0.2207449258,
    "eps": 6.43,
    "epsdiluted": 6.4,
    "weightedAverageShsOut": 1117260000,
    "weightedAverageShsOutDil": 1123536000,
    "link": "https://www.sec.gov/Archives/edgar/data/1163165/000119312520039954/0001193125-20-039954-index.htm",
    "finalLink": "https://www.sec.gov/Archives/edgar/data/1163165/000119312520039954/d875559d10k.htm"
  },
  {
    "date": "2018-12-31",
    "symbol": "COP",
    "reportedCurrency": "USD",
    "cik": "0001163165",
    "fillingDate": "2019-02-19",
    "acceptedDate": "2019-02-19 11:23:45",
    "calendarYear": "2018",
    "period": "FY",
    "revenue": 36417000000,
    "costOfRevenue": 25463000000,
    "grossProfit": 10954000000,
    "grossProfitRatio": 0.3007935854,
    "researchAndDevelopmentExpenses": 78000000,
    "generalAndAdministrativeExpenses": 0,
    "sellingAndMarketingExpenses": 0,
    "sellingGeneralAndAdministrativeExpenses": 401000000,
    "otherExpenses": -202000000,
    "operatingExpenses": 1818000000,
    "costAndExpenses": 27281000000,
    "interestIncome": 97000000,
    "interestExpense": 1088000000,
    "depreciationAndAmortization": 6051000000,
    "ebitda": 17112000000,
    "ebitdaratio": 0.4698904358,
    "operatingIncome": 9136000000,
    "operatingIncomeRatio": 0.2508718456,
    "totalOtherIncomeExpensesNet": 837000000,
    "incomeBeforeTax": 9973000000,
    "incomeBeforeTaxRatio": 0.2738556169,
    "incomeTaxExpense": 3668000000,
    "netIncome": 6257000000,
    "netIncomeRatio": 0.171815361,
    "eps": 5.36,
    "epsdiluted": 5.32,
    "weightedAverageShsOut": 1166499000,
    "weightedAverageShsOutDil": 1175538000,
    "link": "https://www.sec.gov/Archives/edgar/data/1163165/000119312519043841/0001193125-19-043841-index.htm",
    "finalLink": "https://www.sec.gov/Archives/edgar/data/1163165/000119312519043841/d636257d10k.htm"
  },
  {
    "date": "2017-12-31",
    "symbol": "COP",
    "reportedCurrency": "USD",
    "cik": "0001163165",
    "fillingDate": "2018-02-20",
    "acceptedDate": "2018-02-20 10:03:26",
    "calendarYear": "2017",
    "period": "FY",
    "revenue": 29106000000,
    "costOfRevenue": 24493000000,
    "grossProfit": 4613000000,
    "grossProfitRatio": 0.1584896585,
    "researchAndDevelopmentExpenses": 100000000,
    "generalAndAdministrativeExpenses": 0,
    "sellingAndMarketingExpenses": 0,
    "sellingGeneralAndAdministrativeExpenses": 561000000,
    "otherExpenses": 227000000,
    "operatingExpenses": 2308000000,
    "costAndExpenses": 26801000000,
    "interestIncome": 112000000,
    "interestExpense": 1460000000,
    "depreciationAndAmortization": 7411000000,
    "ebitda": 6256000000,
    "ebitdaratio": 0.2149385007,
    "operatingIncome": 2305000000,
    "operatingIncomeRatio": 0.0791932935,
    "totalOtherIncomeExpensesNet": -1775000000,
    "incomeBeforeTax": -2615000000,
    "incomeBeforeTaxRatio": -0.0898440184,
    "incomeTaxExpense": -1822000000,
    "netIncome": -855000000,
    "netIncomeRatio": -0.0293753865,
    "eps": -0.7,
    "epsdiluted": -0.7,
    "weightedAverageShsOut": 1221038000,
    "weightedAverageShsOutDil": 1221038000,
    "link": "https://www.sec.gov/Archives/edgar/data/1163165/000119312518049729/0001193125-18-049729-index.htm",
    "finalLink": "https://www.sec.gov/Archives/edgar/data/1163165/000119312518049729/d534096d10k.htm"
  },
  {
    "date": "2016-12-31",
    "symbol": "COP",
    "reportedCurrency": "USD",
    "cik": "0001163165",
    "fillingDate": "2017-02-21",
    "acceptedDate": "2017-02-21 12:34:09",
    "calendarYear": "2016",
    "period": "FY",
    "revenue": 23693000000,
    "costOfRevenue": 24723000000,
    "grossProfit": -1030000000,
    "grossProfitRatio": -0.0434727557,
    "researchAndDevelopmentExpenses": 116000000,
    "generalAndAdministrativeExpenses": 0,
    "sellingAndMarketingExpenses": 0,
    "sellingGeneralAndAdministrativeExpenses": 723000000,
    "otherExpenses": 255000000,
    "operatingExpenses": 3377000000,
    "costAndExpenses": 28100000000,
    "interestIncome": 57000000,
    "interestExpense": 1670000000,
    "depreciationAndAmortization": 10246000000,
    "ebitda": 5598000000,
    "ebitdaratio": 0.2362723167,
    "operatingIncome": -4407000000,
    "operatingIncomeRatio": -0.1860043051,
    "totalOtherIncomeExpensesNet": -1400000000,
    "incomeBeforeTax": -5530000000,
    "incomeBeforeTaxRatio": -0.2334022707,
    "incomeTaxExpense": -1971000000,
    "netIncome": -3615000000,
    "netIncomeRatio": -0.1525767104,
    "eps": -2.91,
    "epsdiluted": -2.9,
    "weightedAverageShsOut": 1242268041,
    "weightedAverageShsOutDil": 1245440000,
    "link": "https://www.sec.gov/Archives/edgar/data/1163165/000119312517050077/0001193125-17-050077-index.htm",
    "finalLink": "https://www.sec.gov/Archives/edgar/data/1163165/000119312517050077/d264316d10k.htm"
  },
  {
    "date": "2015-12-31",
    "symbol": "COP",
    "reportedCurrency": "USD",
    "cik": "0001163165",
    "fillingDate": "2016-02-23",
    "acceptedDate": "2016-02-23 11:56:14",
    "calendarYear": "2015",
    "period": "FY",
    "revenue": 29564000000,
    "costOfRevenue": 28555000000,
    "grossProfit": 1009000000,
    "grossProfitRatio": 0.0341293465,
    "researchAndDevelopmentExpenses": 222000000,
    "generalAndAdministrativeExpenses": 0,
    "sellingAndMarketingExpenses": 0,
    "sellingGeneralAndAdministrativeExpenses": 953000000,
    "otherExpenses": 125000000,
    "operatingExpenses": 6046000000,
    "costAndExpenses": 34601000000,
    "interestIncome": 45000000,
    "interestExpense": 1403000000,
    "depreciationAndAmortization": 9113000000,
    "ebitda": 6342000000,
    "ebitdaratio": 0.2145176566,
    "operatingIncome": -5037000000,
    "operatingIncomeRatio": -0.1703761331,
    "totalOtherIncomeExpensesNet": -2172000000,
    "incomeBeforeTax": -7239000000,
    "incomeBeforeTaxRatio": -0.2448586118,
    "incomeTaxExpense": -2868000000,
    "netIncome": -4428000000,
    "netIncomeRatio": -0.1497767555,
    "eps": -3.58,
    "epsdiluted": -3.57,
    "weightedAverageShsOut": 1236871508,
    "weightedAverageShsOutDil": 1241919000,
    "link": "https://www.sec.gov/Archives/edgar/data/1163165/000119312516472901/0001193125-16-472901-index.htm",
    "finalLink": "https://www.sec.gov/Archives/edgar/data/1163165/000119312516472901/d145414d10k.htm"
  }
]