[
  {
    "date": "2024-12-31",
    "symbol": "COP",
    "reportedCurrency": "USD",
    "cik": "0001163165",
    "fillingDate": "2025-02-18",
    "acceptedDate": "2025-02-18 14:48:53",
    "calendarYear": "2024",
    "period": "Q4",
    "revenue": 14236000000,
    "costOfRevenue": 10048000000,
    "grossProfit": 4188000000,
    "grossProfitRatio": 0.2941837595,
    "researchAndDevelopmentExpenses": 0,
    "generalAndAdministrativeExpenses": 0,
    "sellingAndMarketingExpenses": 0,
    "sellingGeneralAndAdministrativeExpenses": 630000000,
    "otherExpenses": 591000000,
    "operatingExpenses": 1221000000,
    "costAndExpenses": 11269000000,
    "interestIncome": 402000000,
    "interestExpense": 276000000,
    "depreciationAndAmortization": 2616000000,
    "ebitda": 5862000000,
    "ebitdaratio": 0.4117729699,
    "operatingIncome": 2967000000,
    "operatingIncomeRatio": 0.2084152852,
    "totalOtherIncomeExpensesNet": 3000000,
    "incomeBeforeTax": 2970000000,
    "incomeBeforeTaxRatio": 0.2086260185,
    "incomeTaxExpense": 664000000,
    "netIncome": 2306000000,
    "netIncomeRatio": 0.1619837033,
    "eps": 1.95,
    "epsdiluted": 1.94,
    "weightedAverageShsOut": 1170119000,
    "weightedAverageShsOutDil": 1172049000,
    "link": "https://www.sec.gov/Archives/edgar/data/1163165/000116316525000012/0001163165-25-000012-index.htm",
    "finalLink": "https://www.sec.gov/Archives/edgar/data/1163165/000116316525000012/cop-20241231.htm"
  },
  {
    "date": "2024-09-30",
    "symbol": "COP",
    "reportedCurrency": "USD",
    "cik": "0001163165",
    "fillingDate": "2024-10-31",
    "acceptedDate": "2024-10-31 13:38:16",
    "calendarYear": "2024",
    "period": "Q3",
    "revenue": 13604000000,
    "costOfRevenue": 9398000000,
    "grossProfit": 4206000000,
    "grossProfitRatio": 0.3091737724,
    "researchAndDevelopmentExpenses": 0,
    "generalAndAdministrativeExpenses": 0,
    "sellingAndMarketingExpenses": 0,
    "sellingGeneralAndAdministrativeExpenses": 186000000,
    "otherExpenses": 3457000000,
    "operatingExpenses": 3643000000,
    "costAndExpenses": 13041000000,
    "interestIncome": 0,
    "interestExpense": 269000000,
    "depreciationAndAmortization": 2390000000,
    "ebitda": 5894000000,
    "ebitdaratio": 0.433254925,
    "operatingIncome": 6596000000,
    "operatingIncomeRatio": 0.4848573949,
    "totalOtherIncomeExpensesNet": -3361000000,
    "incomeBeforeTax": 3235000000,
    "incomeBeforeTaxRatio": 0.2377977066,
    "incomeTaxExpense": 1176000000,
    "netIncome": 2059000000,
    "netIncomeRatio": 0.1513525434,
    "eps": 1.77,
    "epsdiluted": 1.77,
    "weightedAverageShsOut": 1161318000,
    "weightedAverageShsOutDil": 1163227000,
    "link": "https://www.sec.gov/Archives/edgar/data/1163165/000116316524000052/0001163165-24-000052-index.htm",
    "finalLink": "https://www.sec.gov/Archives/edgar/data/1163165/000116316524000052/cop-20240930.htm"
  },
  {
    "date": "2024-06-30",
    "symbol": "COP",
    "reportedCurrency": "USD",
    "cik": "0001163165",
    "fillingDate": "2024-08-01",
    "acceptedDate": "2024-08-01 13:47:05",
    "calendarYear": "2024",
    "period": "Q2",
    "revenue": 13588000000,
    "costOfRevenue": 9429000000,
    "grossProfit": 4159000000,
    "grossProfitRatio": 0.3060788931,
    "researchAndDevelopmentExpenses": 0,
    "generalAndAdministrativeExpenses": 0,
    "sellingAndMarketingExpenses": 0,
    "sellingGeneralAndAdministrativeExpenses": 164000000,
    "otherExpenses": -536000000,
    "operatingExpenses": 700000000,
    "costAndExpenses": 10129000000,
    "interestIncome": 0,
    "interestExpense": 278000000,
    "depreciationAndAmortization": 2363000000,
    "ebitda": 6300000000,
    "ebitdaratio": 0.4636443921,
    "operatingIncome": 3459000000,
    "operatingIncomeRatio": 0.2545628496,
    "totalOtherIncomeExpensesNet": 200000000,
    "incomeBeforeTax": 3659000000,
    "incomeBeforeTaxRatio": 0.2692817192,
    "incomeTaxExpense": 1330000000,
    "netIncome": 2329000000,
    "netIncomeRatio": 0.1714012364,
    "eps": 1.99,
    "epsdiluted": 1.98,
    "weightedAverageShsOut": 1168198000,
    "weightedAverageShsOutDil": 1170299000,
    "link": "https://www.sec.gov/Archives/edgar/data/1163165/000116316524000037/0001163165-24-000037-index.htm",
    "finalLink": "https://www.sec.gov/Archives/edgar/data/1163165/000116316524000037/cop-20240630.htm"
  },
  {
    "date": "2024-03-31",
    "symbol": "COP",
    "reportedCurrency": "USD",
    "cik": "0001163165",
    "fillingDate": "2024-05-02",
    "acceptedDate": "2024-05-02 13:30:34",
    "calendarYear": "2024",
    "period": "Q1",
    "revenue": 13848000000,
    "costOfRevenue": 9560000000,
    "grossProfit": 4288000000,
    "grossProfitRatio": 0.3096476025,
    "researchAndDevelopmentExpenses": 0,
    "generalAndAdministrativeExpenses": 0,
    "sellingAndMarketingExpenses": 0,
    "sellingGeneralAndAdministrativeExpenses": 178000000,
    "otherExpenses": 118000000,
    "operatingExpenses": 845000000,
    "costAndExpenses": 10405000000,
    "interestIncome": 0,
    "interestExpense": 285000000,
    "depreciationAndAmortization": 2230000000,
    "ebitda": 6323000000,
    "ebitdaratio": 0.4566002311,
    "operatingIncome": 3785000000,
    "operatingIncomeRatio": 0.2733246678,
    "totalOtherIncomeExpensesNet": -2823000000,
    "incomeBeforeTax": 3808000000,
    "incomeBeforeTaxRatio": 0.2749855575,
    "incomeTaxExpense": 1257000000,
    "netIncome": 2551000000,
    "netIncomeRatio": 0.184214327,
    "eps": 2.16,
    "epsdiluted": 2.15,
    "weightedAverageShsOut": 1177921000,
    "weightedAverageShsOutDil": 1180320000,
    "link": "https://www.sec.gov/Archives/edgar/data/1163165/000116316524000023/0001163165-24-000023-index.htm",
    "finalLink": "https://www.sec.gov/Archives/edgar/data/1163165/000116316524000023/cop-20240331.htm"
  },
  {
    "date": "2023-12-31",
    "symbol": "COP",
    "reportedCurrency": "USD",
    "cik": "0001163165",
    "fillingDate": "2024-02-15",
    "acceptedDate": "2024-02-15 14:01:15",
    "calendarYear": "2023",
    "period": "Q4",
    "revenue": 14644000000,
    "costOfRevenue": 9978000000,
    "grossProfit": 4666000000,
    "grossProfitRatio": 0.3186287899,
    "researchAndDevelopmentExpenses": 81000000,
    "generalAndAdministrativeExpenses": 90000000,
    "sellingAndMarketingExpenses": -69000000,
    "sellingGeneralAndAdministrativeExpenses": 172000000,
    "otherExpenses": -450000000,
    "operatingExpenses": 622000000,
    "costAndExpenses": 10600000000,
    "interestIncome": 0,
    "interestExpense": 341000000,
    "depreciationAndAmortization": 2234000000,
    "ebitda": 6662000000,
    "ebitdaratio": 0.4549303469,
    "operatingIncome": 4044000000,
    "operatingIncomeRatio": 0.2761540563,
    "totalOtherIncomeExpensesNet": 22656000000,
    "incomeBeforeTax": 4264000000,
    "incomeBeforeTaxRatio": 0.291177274,
    "incomeTaxExpense": 1257000000,
    "netIncome": 3007000000,
    "netIncomeRatio": 0.205340071,
    "eps": 2.53,
    "epsdiluted": 2.52,
    "weightedAverageShsOut": 1187144000,
    "weightedAverageShsOutDil": 1189903000,
    "link": "https://www.sec.gov/Archives/edgar/data/1163165/000116316524000010/0001163165-24-000010-index.htm",
    "finalLink": "https://www.sec.gov/Archives/edgar/data/1163165/000116316524000010/cop-20231231.htm"
  },
  {
    "date": "2023-09-30",
    "symbol": "COP",
    "reportedCurrency": "USD",
    "cik": "0001163165",
    "fillingDate": "2023-11-02",
    "acceptedDate": "2023-11-02 13:19:49",
    "calendarYear": "2023",
    "period": "Q3",
    "revenue": 14250000000,
    "costOfRevenue": 9633000000,
    "grossProfit": 4617000000,
    "grossProfitRatio": 0.324,
    "researchAndDevelopmentExpenses": 0,
    "generalAndAdministrativeExpenses": 0,
    "sellingAndMarketingExpenses": 0,
    "sellingGeneralAndAdministrativeExpenses": 169000000,
    "otherExpenses": 112000000,
    "operatingExpenses": 797000000,
    "costAndExpenses": 10430000000,
    "interestIncome": 194000000,
    "interestExpense": 262000000,
    "depreciationAndAmortization": 2144000000,
    "ebitda": 6506000000,
    "ebitdaratio": 0.4565614035,
    "operatingIncome": 7328000000,
    "operatingIncomeRatio": 0.514245614,
    "totalOtherIncomeExpensesNet": 280000000,
    "incomeBeforeTax": 4100000000,
    "incomeBeforeTaxRatio": 0.2877192982,
    "incomeTaxExpense": 1302000000,
    "netIncome": 2798000000,
    "netIncomeRatio": 0.1963508772,
    "eps": 2.33,
    "epsdiluted": 2.32,
    "weightedAverageShsOut": 1196641000,
    "weightedAverageShsOutDil": 1199746000,
    "link": "https://www.sec.gov/Archives/edgar/data/1163165/000116316523000031/0001163165-23-000031-index.htm",
    "finalLink": "https://www.sec.gov/Archives/edgar/data/1163165/000116316523000031/cop-20230930.htm"
  },
  {
    "date": "2023-06-30",
    "symbol": "COP",
    "reportedCurrency": "USD",
    "cik": "0001163165",
    "fillingDate": "2023-08-03",
    "acceptedDate": "2023-08-03 13:33:29",
    "calendarYear": "2023",
    "period": "Q2",
    "revenue": 12351000000,
    "costOfRevenue": 8512000000,
    "grossProfit": 3839000000,
    "grossProfitRatio": 0.3108250344,
    "researchAndDevelopmentExpenses": 0,
    "generalAndAdministrativeExpenses": 0,
    "sellingAndMarketingExpenses": 0,
    "sellingGeneralAndAdministrativeExpenses": 205000000,
    "otherExpenses": 145000000,
    "operatingExpenses": 800000000,
    "costAndExpenses": 9312000000,
    "interestIncome": 179000000,
    "interestExpense": 247000000,
    "depreciationAndAmortization": 2044000000,
    "ebitda": 5653000000,
    "ebitdaratio": 0.4576957331,
    "operatingIncome": 6382000000,
    "operatingIncomeRatio": 0.516719294,
    "totalOtherIncomeExpensesNet": 323000000,
    "incomeBeforeTax": 3362000000,
    "incomeBeforeTaxRatio": 0.2722046798,
    "incomeTaxExpense": 1130000000,
    "netIncome": 2232000000,
    "netIncomeRatio": 0.1807141122,
    "eps": 1.84,
    "epsdiluted": 1.84,
    "weightedAverageShsOut": 1207443000,
    "weightedAverageShsOutDil": 1210342000,
    "link": "https://www.sec.gov/Archives/edgar/data/1163165/000116316523000023/0001163165-23-000023-index.htm",
    "finalLink": "https://www.sec.gov/Archives/edgar/data/1163165/000116316523000023/cop-20230630.htm"
  },
  {
    "date": "2023-03-31",
    "symbol": "COP",
    "reportedCurrency": "USD",
    "cik": "0001163165",
    "fillingDate": "2023-05-04",
    "acceptedDate": "2023-05-04 14:11:04",
    "calendarYear": "2023",
    "period": "Q1",
    "revenue": 14811000000,
    "costOfRevenue": 9859000000,
    "grossProfit": 4952000000,
    "grossProfitRatio": 0.3343460941,
    "researchAndDevelopmentExpenses": 0,
    "generalAndAdministrativeExpenses": 90000000,
    "sellingAndMarketingExpenses": 69000000,
    "sellingGeneralAndAdministrativeExpenses": 159000000,
    "otherExpenses": 714000000,
    "operatingExpenses": 873000000,
    "costAndExpenses": 10732000000,
    "interestIncome": 188000000,
    "interestExpense": 256000000,
    "depreciationAndAmortization": 2010000000,
    "ebitda": 6828000000,
    "ebitdaratio": 0.4610087097,
    "operatingIncome": 4682000000,
    "operatingIncomeRatio": 0.3161164,
    "totalOtherIncomeExpensesNet": 483000000,
    "incomeBeforeTax": 4562000000,
    "incomeBeforeTaxRatio": 0.3080143137,
    "incomeTaxExpense": 1642000000,
    "netIncome": 2920000000,
    "netIncomeRatio": 0.1971507663,
    "eps": 2.39,
    "epsdiluted": 2.39,
    "weightedAverageShsOut": 1220228000,
    "weightedAverageShsOutDil": 1223355000,
    "link": "https://www.sec.gov/Archives/edgar/data/1163165/000116316523000011/0001163165-23-000011-index.htm",
    "finalLink": "https://www.sec.gov/Archives/edgar/data/1163165/000116316523000011/cop-20230331.htm"
  },
  {
    "date": "2022-12-31",
    "symbol": "COP",
    "reportedCurrency": "USD",
    "cik": "0001163165",
    "fillingDate": "2023-02-16",
    "acceptedDate": "2023-02-16 12:42:43",
    "calendarYear": "2022",
    "period": "Q4",
    "revenue": 18558000000,
    "costOfRevenue": 12619000000,
    "grossProfit": 5939000000,
    "grossProfitRatio": 0.3200237095,
    "researchAndDevelopmentExpenses": 71000000,
    "generalAndAdministrativeExpenses": 0,
    "sellingAndMarketingExpenses": 0,
    "sellingGeneralAndAdministrativeExpenses": 192000000,
    "otherExpenses": 950000000,
    "operatingExpenses": 1142000000,
    "costAndExpenses": 13761000000,
    "interestIncome": 17000000,
    "interestExpense": 246000000,
    "depreciationAndAmortization": 2203000000,
    "ebitda": 7684000000,
    "ebitdaratio": 0.4140532385,
    "operatingIncome": 5464000000,
    "operatingIncomeRatio": 0.2944282789,
    "totalOtherIncomeExpensesNet": -2843000000,
    "incomeBeforeTax": 5235000000,
    "incomeBeforeTaxRatio": 0.2820885871,
    "incomeTaxExpense": 1986000000,
    "netIncome": 3249000000,
    "netIncomeRatio": 0.1750727449,
    "eps": 2.61,
    "epsdiluted": 2.61,
    "weightedAverageShsOut": 1223856072,
    "weightedAverageShsOutDil": 1223856072,
    "link": "https://www.sec.gov/Archives/edgar/data/1163165/000116316523000006/0001163165-23-000006-index.htm",
    "finalLink": "https://www.sec.gov/Archives/edgar/data/1163165/000116316523000006/cop-20221231.htm"
  },
  {
    "date": "2022-09-30",
    "symbol": "COP",
    "reportedCurrency": "USD",
    "cik": "0001163165",
    "fillingDate": "2022-11-03",
    "acceptedDate": "2022-11-03 13:07:15",
    "calendarYear": "2022",
    "period": "Q3",
    "revenue": 21013000000,
    "costOfRevenue": 12922000000,
    "grossProfit": 8091000000,
    "grossProfitRatio": 0.3850473516,
    "researchAndDevelopmentExpenses": 0,
    "generalAndAdministrativeExpenses": 0,
    "sellingAndMarketingExpenses": 0,
    "sellingGeneralAndAdministrativeExpenses": 148000000,
    "otherExpenses": 76000000,
    "operatingExpenses": 1080000000,
    "costAndExpenses": 14002000000,
    "interestIncome": 0,
    "interestExpense": 259000000,
    "depreciationAndAmortization": 2008000000,
    "ebitda": 9603000000,
    "ebitdaratio": 0.4570028078,
    "operatingIncome": 7504000000,
    "operatingIncomeRatio": 0.3571122638,
    "totalOtherIncomeExpensesNet": 429000000,
    "incomeBeforeTax": 7440000000,
    "incomeBeforeTaxRatio": 0.3540665302,
    "incomeTaxExpense": 2913000000,
    "netIncome": 4527000000,
    "netIncomeRatio": 0.2154380622,
    "eps": 3.56,
    "epsdiluted": 3.55,
    "weightedAverageShsOut": 1265893000,
    "weightedAverageShsOutDil": 1269321000,
    "link": "https://www.sec.gov/Archives/edgar/data/1163165/000116316522000017/0001163165-22-000017-index.htm",
    "finalLink": "https://www.sec.gov/Archives/edgar/data/1163165/000116316522000017/cop-20220930.htm"
  },
  {
    "date": "2022-06-30",
    "symbol": "COP",
    "reportedCurrency": "USD",
    "cik": "0001163165",
    "fillingDate": "2022-08-04",
    "acceptedDate": "2022-08-04 13:12:59",
    "calendarYear": "2022",
    "period": "Q2",
    "revenue": 21161000000,
    "costOfRevenue": 12785000000,
    "grossProfit": 8376000000,
    "grossProfitRatio": 0.3958225037,
    "researchAndDevelopmentExpenses": 0,
    "generalAndAdministrativeExpenses": 0,
    "sellingAndMarketingExpenses": 0,
    "sellingGeneralAndAdministrativeExpenses": 96000000,
    "otherExpenses": 1163000000,
    "operatingExpenses": 1259000000,
    "costAndExpenses": 14044000000,
    "interestIncome": 0,
    "interestExpense": 272000000,
    "depreciationAndAmortization": 1907000000,
    "ebitda": 9834000000,
    "ebitdaratio": 0.4647228392,
    "operatingIncome": 7597000000,
    "operatingIncomeRatio": 0.3590094986,
    "totalOtherIncomeExpensesNet": 538000000,
    "incomeBeforeTax": 7655000000,
    "incomeBeforeTaxRatio": 0.3617503899,
    "incomeTaxExpense": 2510000000,
    "netIncome": 5128000000,
    "netIncomeRatio": 0.242332593,
    "eps": 3.98,
    "epsdiluted": 3.96,
    "weightedAverageShsOut": 1289791000,
    "weightedAverageShsOutDil": 1295844000,
    "link": "https://www.sec.gov/Archives/edgar/data/1163165/000116316522000013/0001163165-22-000013-index.htm",
    "finalLink": "https://www.sec.gov/Archives/edgar/data/1163165/000116316522000013/cop-20220630.htm"
  },
  {
    "date": "2022-03-31",
    "symbol": "COP",
    "reportedCurrency": "USD",
    "cik": "0001163165",
    "fillingDate": "2022-05-05",
    "acceptedDate": "2022-05-05 14:40:21",
    "calendarYear": "2022",
    "period": "Q1",
    "revenue": 17762000000,
    "costOfRevenue": 10155000000,
    "grossProfit": 7607000000,
    "grossProfitRatio": 0.428273843,
    "researchAndDevelopmentExpenses": 0,
    "generalAndAdministrativeExpenses": 0,
    "sellingAndMarketingExpenses": 0,
    "sellingGeneralAndAdministrativeExpenses": 187000000,
    "otherExpenses": 883000000,
    "operatingExpenses": 1070000000,
    "costAndExpenses": 11225000000,
    "interestIncome": 0,
    "interestExpense": 278000000,
    "depreciationAndAmortization": 1830000000,
    "ebitda": 8737000000,
    "ebitdaratio": 0.4918928049,
    "operatingIncome": 7385000000,
    "operatingIncomeRatio": 0.4157752505,
    "totalOtherIncomeExpensesNet": -3061000000,
    "incomeBeforeTax": 7898000000,
    "incomeBeforeTaxRatio": 0.4446571332,
    "incomeTaxExpense": 2139000000,
    "netIncome": 5759000000,
    "netIncomeRatio": 0.3242315055,
    "eps": 4.42,
    "epsdiluted": 4.4,
    "weightedAverageShsOut": 1301930000,
    "weightedAverageShsOutDil": 1307404000,
    "link": "https://www.sec.gov/Archives/edgar/data/1163165/000116316522000006/0001163165-22-000006-index.htm",
    "finalLink": "https://www.sec.gov/Archives/edgar/data/1163165/000116316522000006/cop-20220331.htm"
  },
  {
    "date": "2021-12-31",
    "symbol": "COP",
    "reportedCurrency": "USD",
    "cik": "0001163165",
    "fillingDate": "2022-02-17",
    "acceptedDate": "2022-02-17 13:20:14",
    "calendarYear": "2021",
    "period": "Q4",
    "revenue": 15120000000,
    "costOfRevenue": 9824000000,
    "grossProfit": 5296000000,
    "grossProfitRatio": 0.3502645503,
    "researchAndDevelopmentExpenses": 62000000,
    "generalAndAdministrativeExpenses": 0,
    "sellingAndMarketingExpenses": 0,
    "sellingGeneralAndAdministrativeExpenses": 163000000,
    "otherExpenses": 295000000,
    "operatingExpenses": 781000000,
    "costAndExpenses": 10605000000,
    "interestIncome": 33000000,
    "interestExpense": 275000000,
    "depreciationAndAmortization": 1820000000,
    "ebitda": 6431000000,
    "ebitdaratio": 0.4253306878,
    "operatingIncome": 4611000000,
    "operatingIncomeRatio": 0.3049603175,
    "totalOtherIncomeExpensesNet": -179000000,
    "incomeBeforeTax": 4336000000,
    "incomeBeforeTaxRatio": 0.2867724868,
    "incomeTaxExpense": 1709000000,
    "netIncome": 2627000000,
    "netIncomeRatio": 0.1737433862,
    "eps": 1.99,
    "epsdiluted": 1.98,
    "weightedAverageShsOut": 1315225000,
    "weightedAverageShsOutDil": 1320829000,
    "link": "https://www.sec.gov/Archives/edgar/data/1163165/000156276222000031/0001562762-22-000031-index.htm",
    "finalLink": "https://www.sec.gov/Archives/edgar/data/1163165/000156276222000031/cop10k2021.htm"
  },
  {
    "date": "2021-09-30",
    "symbol": "COP",
    "reportedCurrency": "USD",
    "cik": "0001163165",
    "fillingDate": "2021-11-04",
    "acceptedDate": "2021-11-04 11:54:52",
    "calendarYear": "2021",
    "period": "Q3",
    "revenue": 11326000000,
    "costOfRevenue": 7240000000,
    "grossProfit": 4086000000,
    "grossProfitRatio": 0.3607628465,
    "researchAndDevelopmentExpenses": 0,
    "generalAndAdministrativeExpenses": 0,
    "sellingAndMarketingExpenses": 0,
    "sellingGeneralAndAdministrativeExpenses": 128000000,
    "otherExpenses": 32000000,
    "operatingExpenses": 596000000,
    "costAndExpenses": 7836000000,
    "interestIncome": 0,
    "interestExpense": 280000000,
    "depreciationAndAmortization": 1672000000,
    "ebitda": 5331000000,
    "ebitdaratio": 0.4706869151,
    "operatingIncome": 3490000000,
    "operatingIncomeRatio": 0.3081405615,
    "totalOtherIncomeExpensesNet": -2206000000,
    "incomeBeforeTax": 3582000000,
    "incomeBeforeTaxRatio": 0.3162634646,
    "incomeTaxExpense": 1203000000,
    "netIncome": 2379000000,
    "netIncomeRatio": 0.2100476779,
    "eps": 1.78,
    "epsdiluted": 1.78,
    "weightedAverageShsOut": 1332286000,
    "weightedAverageShsOutDil": 1336379000,
    "link": "https://www.sec.gov/Archives/edgar/data/1163165/000156276221000409/0001562762-21-000409-index.htm",
    "finalLink": "https://www.sec.gov/Archives/edgar/data/1163165/000156276221000409/cop20213q10q.htm"
  },
  {
    "date": "2021-06-30",
    "symbol": "COP",
    "reportedCurrency": "USD",
    "cik": "0001163165",
    "fillingDate": "2021-08-05",
    "acceptedDate": "2021-08-05 11:31:12",
    "calendarYear": "2021",
    "period": "Q2",
    "revenue": 9556000000,
    "costOfRevenue": 6244000000,
    "grossProfit": 3312000000,
    "grossProfitRatio": 0.3465885308,
    "researchAndDevelopmentExpenses": 0,
    "generalAndAdministrativeExpenses": 0,
    "sellingAndMarketingExpenses": 0,
    "sellingGeneralAndAdministrativeExpenses": 117000000,
    "otherExpenses": 420000000,
    "operatingExpenses": 555000000,
    "costAndExpenses": 6799000000,
    "interestIncome": 0,
    "interestExpense": 283000000,
    "depreciationAndAmortization": 1868000000,
    "ebitda": 5231000000,
    "ebitdaratio": 0.5474047719,
    "operatingIncome": 2757000000,
    "operatingIncomeRatio": 0.2885098368,
    "totalOtherIncomeExpensesNet": 323000000,
    "incomeBeforeTax": 3080000000,
    "incomeBeforeTaxRatio": 0.3223105902,
    "incomeTaxExpense": 989000000,
    "netIncome": 2091000000,
    "netIncomeRatio": 0.2188154039,
    "eps": 1.55,
    "epsdiluted": 1.55,
    "weightedAverageShsOut": 1348637000,
    "weightedAverageShsOutDil": 1353201000,
    "link": "https://www.sec.gov/Archives/edgar/data/1163165/000156276221000304/0001562762-21-000304-index.htm",
    "finalLink": "https://www.sec.gov/Archives/edgar/data/1163165/000156276221000304/cop20212q10q.htm"
  },
  {
    "date": "2021-03-31",
    "symbol": "COP",
    "reportedCurrency": "USD",
    "cik": "0001163165",
    "fillingDate": "2021-05-06",
    "acceptedDate": "2021-05-06 13:26:43",
    "calendarYear": "2021",
    "period": "Q1",
    "revenue": 9826000000,
    "costOfRevenue": 7752000000,
    "grossProfit": 2074000000,
    "grossProfitRatio": 0.2110726644,
    "researchAndDevelopmentExpenses": 0,
    "generalAndAdministrativeExpenses": 0,
    "sellingAndMarketingExpenses": 0,
    "sellingGeneralAndAdministrativeExpenses": 311000000,
    "otherExpenses": 354000000,
    "operatingExpenses": 765000000,
    "costAndExpenses": 8517000000,
    "interestIncome": 0,
    "interestExpense": 288000000,
    "depreciationAndAmortization": 1892000000,
    "ebitda": 3894000000,
    "ebitdaratio": 0.3962955424,
    "operatingIncome": 1309000000,
    "operatingIncomeRatio": 0.1332179931,
    "totalOtherIncomeExpensesNet": 405000000,
    "incomeBeforeTax": 1714000000,
    "incomeBeforeTaxRatio": 0.174435172,
    "incomeTaxExpense": 732000000,
    "netIncome": 982000000,
    "netIncomeRatio": 0.0999389375,
    "eps": 0.75,
    "epsdiluted": 0.75,
    "weightedAverageShsOut": 1300375000,
    "weightedAverageShsOutDil": 1302691000,
    "link": "https://www.sec.gov/Archives/edgar/data/1163165/000156276221000193/0001562762-21-000193-index.htm",
    "finalLink": "https://www.sec.gov/Archives/edgar/data/1163165/000156276221000193/COP20211q10q.htm"
  },
  {
    "date": "2020-12-31",
    "symbol": "COP",
    "reportedCurrency": "USD",
    "cik": "0001163165",
    "fillingDate": "2021-02-16",
    "acceptedDate": "2021-02-16 12:04:27",
    "calendarYear": "2020",
    "period": "Q4",
    "revenue": 5491000000,
    "costOfRevenue": 5150000000,
    "grossProfit": 341000000,
    "grossProfitRatio": 0.0621016208,
    "researchAndDevelopmentExpenses": 75000000,
    "generalAndAdministrativeExpenses": 0,
    "sellingAndMarketingExpenses": 0,
    "sellingGeneralAndAdministrativeExpenses": 181000000,
    "otherExpenses": 468000000,
    "operatingExpenses": 1412000000,
    "costAndExpenses": 6562000000,
    "interestIncome": 100000000,
    "interestExpense": 259000000,
    "depreciationAndAmortization": 1541000000,
    "ebitda": 714000000,
    "ebitdaratio": 0.1300309598,
    "operatingIncome": -1071000000,
    "operatingIncomeRatio": -0.1950464396,
    "totalOtherIncomeExpensesNet": -15000000,
    "incomeBeforeTax": -1086000000,
    "incomeBeforeTaxRatio": -0.1977781825,
    "incomeTaxExpense": -314000000,
    "netIncome": -772000000,
    "netIncomeRatio": -0.1405936988,
    "eps": -0.72,
    "epsdiluted": -0.72,
    "weightedAverageShsOut": 1071491524,
    "weightedAverageShsOutDil": 1073580000,
    "link": "https://www.sec.gov/Archives/edgar/data/1163165/000156276221000027/0001562762-21-000027-index.htm",
    "finalLink": "https://www.sec.gov/Archives/edgar/data/1163165/000156276221000027/cop10k2020.htm"
  },
  {
    "date": "2020-09-30",
    "symbol": "COP",
    "reportedCurrency": "USD",
    "cik": "0001163165",
    "fillingDate": "2020-11-03",
    "acceptedDate": "2020-11-03 11:40:15",
    "calendarYear": "2020",
    "period": "Q3",
    "revenue": 4386000000,
    "costOfRevenue": 4213000000,
    "grossProfit": 173000000,
    "grossProfitRatio": 0.0394436845,
    "researchAndDevelopmentExpenses": 0,
    "generalAndAdministrativeExpenses": 0,
    "sellingAndMarketingExpenses": 0,
    "sellingGeneralAndAdministrativeExpenses": 96000000,
    "otherExpenses": -58000000,
    "operatingExpenses": 400000000,
    "costAndExpenses": 4613000000,
    "interestIncome": 0,
    "interestExpense": 262000000,
    "depreciationAndAmortization": 1411000000,
    "ebitda": 1161000000,
    "ebitdaratio": 0.2647058824,
    "operatingIncome": -227000000,
    "operatingIncomeRatio": -0.051755586,
    "totalOtherIncomeExpensesNet": -285000000,
    "incomeBeforeTax": -512000000,
    "incomeBeforeTaxRatio": -0.1167350661,
    "incomeTaxExpense": -62000000,
    "netIncome": -450000000,
    "netIncomeRatio": -0.1025991792,
    "eps": -0.42,
    "epsdiluted": -0.42,
    "weightedAverageShsOut": 1071428571,
    "weightedAverageShsOutDil": 1077377000,
    "link": "https://www.sec.gov/Archives/edgar/data/1163165/000156276220000367/0001562762-20-000367-index.htm",
    "finalLink": "https://www.sec.gov/Archives/edgar/data/1163165/000156276220000367/COP20203q10q.htm"
  },
  {
    "date": "2020-06-30",
    "symbol": "COP",
    "reportedCurrency": "USD",
    "cik": "0001163165",
    "fillingDate": "2020-08-04",
    "acceptedDate": "2020-08-04 12:09:14",
    "calendarYear": "2020",
    "period": "Q2",
    "revenue": 2749000000,
    "costOfRevenue": 3335000000,
    "grossProfit": -586000000,
    "grossProfitRatio": -0.2131684249,
    "researchAndDevelopmentExpenses": 0,
    "generalAndAdministrativeExpenses": 0,
    "sellingAndMarketingExpenses": 0,
    "sellingGeneralAndAdministrativeExpenses": 156000000,
    "otherExpenses": 601000000,
    "operatingExpenses": 394000000,
    "costAndExpenses": 3729000000,
    "interestIncome": 0,
    "interestExpense": 268000000,
    "depreciationAndAmortization": 1158000000,
    "ebitda": 199000000,
    "ebitdaratio": 0.07238996,
    "operatingIncome": -980000000,
    "operatingIncomeRatio": -0.3564932703,
    "totalOtherIncomeExpensesNet": -382000000,
    "incomeBeforeTax": 21000000,
    "incomeBeforeTaxRatio": 0.0076391415,
    "incomeTaxExpense": -257000000,
    "netIncome": 260000000,
    "netIncomeRatio": 0.0945798472,
    "eps": 0.24,
    "epsdiluted": 0.24,
    "weightedAverageShsOut": 1076659000,
    "weightedAverageShsOutDil": 1077606000,
    "link": "https://www.sec.gov/Archives/edgar/data/1163165/000156276220000267/0001562762-20-000267-index.htm",
    "finalLink": "https://www.sec.gov/Archives/edgar/data/1163165/000156276220000267/COP20202q10q.htm"
  },
  {
    "date": "2020-03-31",
    "symbol": "COP",
    "reportedCurrency": "USD",
    "cik": "0001163165",
    "fillingDate": "2020-05-05",
    "acceptedDate": "2020-05-05 12:14:19",
    "calendarYear": "2020",
    "period": "Q1",
    "revenue": 6158000000,
    "costOfRevenue": 5245000000,
    "grossProfit": 913000000,
    "grossProfitRatio": 0.1482624229,
    "researchAndDevelopmentExpenses": 0,
    "generalAndAdministrativeExpenses": 0,
    "sellingAndMarketingExpenses": 0,
    "sellingGeneralAndAdministrativeExpenses": -3000000,
    "otherExpenses": -1533000000,
    "operatingExpenses": 435000000,
    "costAndExpenses": 5680000000,
    "interestIncome": 0,
    "interestExpense": 269000000,
    "depreciationAndAmortization": 1411000000,
    "ebitda": 184000000,
    "ebitdaratio": 0.0298798311,
    "operatingIncome": 478000000,
    "operatingIncomeRatio": 0.0776226047,
    "totalOtherIncomeExpensesNet": -2041000000,
    "incomeBeforeTax": -1563000000,
    "incomeBeforeTaxRatio": -0.2538161741,
    "incomeTaxExpense": 148000000,
    "netIncome": -1739000000,
    "netIncomeRatio": -0.2823968821,
    "eps": -1.6,
    "epsdiluted": -1.6,
    "weightedAverageShsOut": 1084561000,
    "weightedAverageShsOutDil": 1084561000,
    "link": "https://www.sec.gov/Archives/edgar/data/1163165/000156276220000162/0001562762-20-000162-index.htm",
    "finalLink": "https://www.sec.gov/Archives/edgar/data/1163165/000156276220000162/cop-20200331.htm"
  }
]