[
  {
    "date": "2024-12-31",
    "symbol": "MA",
    "reportedCurrency": "USD",
    "cik": "0001141391",
    "fillingDate": "2025-02-12",
    "acceptedDate": "2025-02-12 14:30:36",
    "calendarYear": "2024",
    "period": "FY",
    "revenue": 28167000000,
    "costOfRevenue": 6673000000,
    "grossProfit": 21494000000,
    "grossProfitRatio": 0.763091561,
    "researchAndDevelopmentExpenses": 0,
    "generalAndAdministrativeExpenses": 3455000000,
    "sellingAndMarketingExpenses": 815000000,
    "sellingGeneralAndAdministrativeExpenses": 4270000000,
    "otherExpenses": 1642000000,
    "operatingExpenses": 5912000000,
    "costAndExpenses": 12585000000,
    "interestIncome": 0,
    "interestExpense": 646000000,
    "depreciationAndAmortization": 897000000,
    "ebitda": 16797000000,
    "ebitdaratio": 0.596336138,
    "operatingIncome": 15582000000,
    "operatingIncomeRatio": 0.5532005538,
    "totalOtherIncomeExpensesNet": -328000000,
    "incomeBeforeTax": 15254000000,
    "incomeBeforeTaxRatio": 0.5415557212,
    "incomeTaxExpense": 2380000000,
    "netIncome": 12874000000,
    "netIncomeRatio": 0.4570596798,
    "eps": 13.92,
    "epsdiluted": 13.89,
    "weightedAverageShsOut": 925000000,
    "weightedAverageShsOutDil": 927000000,
    "link": "https://www.sec.gov/Archives/edgar/data/1141391/000114139125000011/0001141391-25-000011-index.htm",
    "finalLink": "https://www.sec.gov/Archives/edgar/data/1141391/000114139125000011/ma-20241231.htm"
  },
  {
    "date": "2023-12-31",
    "symbol": "MA",
    "reportedCurrency": "USD",
    "cik": "0001141391",
    "fillingDate": "2024-02-13",
    "acceptedDate": "2024-02-13 12:47:32",
    "calendarYear": "2023",
    "period": "FY",
    "revenue": 25098000000,
    "costOfRevenue": 6022000000,
    "grossProfit": 19076000000,
    "grossProfitRatio": 0.7600605626,
    "researchAndDevelopmentExpenses": 0,
    "generalAndAdministrativeExpenses": 2822000000,
    "sellingAndMarketingExpenses": 825000000,
    "sellingGeneralAndAdministrativeExpenses": 3647000000,
    "otherExpenses": 1421000000,
    "operatingExpenses": 5068000000,
    "costAndExpenses": 11090000000,
    "interestIncome": 0,
    "interestExpense": 575000000,
    "depreciationAndAmortization": 799000000,
    "ebitda": 15013000000,
    "ebitdaratio": 0.5981751534,
    "operatingIncome": 14008000000,
    "operatingIncomeRatio": 0.5581321221,
    "totalOtherIncomeExpensesNet": -369000000,
    "incomeBeforeTax": 13639000000,
    "incomeBeforeTaxRatio": 0.5434297554,
    "incomeTaxExpense": 2444000000,
    "netIncome": 11195000000,
    "netIncomeRatio": 0.4460514782,
    "eps": 11.86,
    "epsdiluted": 11.83,
    "weightedAverageShsOut": 944000000,
    "weightedAverageShsOutDil": 946000000,
    "link": "https://www.sec.gov/Archives/edgar/data/1141391/000114139124000022/0001141391-24-000022-index.htm",
    "finalLink": "https://www.sec.gov/Archives/edgar/data/1141391/000114139124000022/ma-20231231.htm"
  },
  {
    "date": "2022-12-31",
    "symbol": "MA",
    "reportedCurrency": "USD",
    "cik": "0001141391",
    "fillingDate": "2023-02-14",
    "acceptedDate": "2023-02-14 16:48:22",
    "calendarYear": "2022",
    "period": "FY",
    "revenue": 22237000000,
    "costOfRevenue": 5263000000,
    "grossProfit": 16974000000,
    "grossProfitRatio": 0.7633223906,
    "researchAndDevelopmentExpenses": 0,
    "generalAndAdministrativeExpenses": 2713000000,
    "sellingAndMarketingExpenses": 789000000,
    "sellingGeneralAndAdministrativeExpenses": 3502000000,
    "otherExpenses": 1208000000,
    "operatingExpenses": 4710000000,
    "costAndExpenses": 9973000000,
    "interestIncome": 0,
    "interestExpense": 471000000,
    "depreciationAndAmortization": 750000000,
    "ebitda": 12953000000,
    "ebitdaratio": 0.5824976391,
    "operatingIncome": 12264000000,
    "operatingIncomeRatio": 0.5515132437,
    "totalOtherIncomeExpensesNet": -532000000,
    "incomeBeforeTax": 11732000000,
    "incomeBeforeTaxRatio": 0.5275891532,
    "incomeTaxExpense": 1802000000,
    "netIncome": 9930000000,
    "netIncomeRatio": 0.4465530422,
    "eps": 10.26,
    "epsdiluted": 10.23,
    "weightedAverageShsOut": 968000000,
    "weightedAverageShsOutDil": 971000000,
    "link": "https://www.sec.gov/Archives/edgar/data/1141391/000114139123000020/0001141391-23-000020-index.htm",
    "finalLink": "https://www.sec.gov/Archives/edgar/data/1141391/000114139123000020/ma-20221231.htm"
  },
  {
    "date": "2021-12-31",
    "symbol": "MA",
    "reportedCurrency": "USD",
    "cik": "0001141391",
    "fillingDate": "2022-02-11",
    "acceptedDate": "2022-02-11 09:52:16",
    "calendarYear": "2021",
    "period": "FY",
    "revenue": 18884000000,
    "costOfRevenue": 4489000000,
    "grossProfit": 14395000000,
    "grossProfitRatio": 0.7622855327,
    "researchAndDevelopmentExpenses": 0,
    "generalAndAdministrativeExpenses": 2547000000,
    "sellingAndMarketingExpenses": 895000000,
    "sellingGeneralAndAdministrativeExpenses": 3442000000,
    "otherExpenses": 871000000,
    "operatingExpenses": 4313000000,
    "costAndExpenses": 8802000000,
    "interestIncome": 0,
    "interestExpense": 431000000,
    "depreciationAndAmortization": 726000000,
    "ebitda": 11464000000,
    "ebitdaratio": 0.6070747723,
    "operatingIncome": 10082000000,
    "operatingIncomeRatio": 0.5338911248,
    "totalOtherIncomeExpensesNet": 225000000,
    "incomeBeforeTax": 10307000000,
    "incomeBeforeTaxRatio": 0.5458059733,
    "incomeTaxExpense": 1620000000,
    "netIncome": 8687000000,
    "netIncomeRatio": 0.4600190638,
    "eps": 8.79,
    "epsdiluted": 8.76,
    "weightedAverageShsOut": 988000000,
    "weightedAverageShsOutDil": 992000000,
    "link": "https://www.sec.gov/Archives/edgar/data/1141391/000114139122000023/0001141391-22-000023-index.htm",
    "finalLink": "https://www.sec.gov/Archives/edgar/data/1141391/000114139122000023/ma-20211231.htm"
  },
  {
    "date": "2020-12-31",
    "symbol": "MA",
    "reportedCurrency": "USD",
    "cik": "0001141391",
    "fillingDate": "2021-02-12",
    "acceptedDate": "2021-02-12 10:44:10",
    "calendarYear": "2020",
    "period": "FY",
    "revenue": 15301000000,
    "costOfRevenue": 3787000000,
    "grossProfit": 11514000000,
    "grossProfitRatio": 0.7524998366,
    "researchAndDevelopmentExpenses": 0,
    "generalAndAdministrativeExpenses": 2114000000,
    "sellingAndMarketingExpenses": 657000000,
    "sellingGeneralAndAdministrativeExpenses": 2771000000,
    "otherExpenses": 662000000,
    "operatingExpenses": 3433000000,
    "costAndExpenses": 7220000000,
    "interestIncome": 0,
    "interestExpense": 380000000,
    "depreciationAndAmortization": 580000000,
    "ebitda": 8720000000,
    "ebitdaratio": 0.5698973923,
    "operatingIncome": 8081000000,
    "operatingIncomeRatio": 0.528135416,
    "totalOtherIncomeExpensesNet": -321000000,
    "incomeBeforeTax": 7760000000,
    "incomeBeforeTaxRatio": 0.507156395,
    "incomeTaxExpense": 1349000000,
    "netIncome": 6411000000,
    "netIncomeRatio": 0.4189922227,
    "eps": 6.4,
    "epsdiluted": 6.37,
    "weightedAverageShsOut": 1002000000,
    "weightedAverageShsOutDil": 1006000000,
    "link": "https://www.sec.gov/Archives/edgar/data/1141391/000114139121000018/0001141391-21-000018-index.htm",
    "finalLink": "https://www.sec.gov/Archives/edgar/data/1141391/000114139121000018/ma-20201231.htm"
  },
  {
    "date": "2019-12-31",
    "symbol": "MA",
    "reportedCurrency": "USD",
    "cik": "0001141391",
    "fillingDate": "2020-02-14",
    "acceptedDate": "2020-02-14 09:29:40",
    "calendarYear": "2019",
    "period": "FY",
    "revenue": 16883000000,
    "costOfRevenue": 3537000000,
    "grossProfit": 13346000000,
    "grossProfitRatio": 0.7904993188,
    "researchAndDevelopmentExpenses": 0,
    "generalAndAdministrativeExpenses": 2194000000,
    "sellingAndMarketingExpenses": 934000000,
    "sellingGeneralAndAdministrativeExpenses": 3128000000,
    "otherExpenses": 522000000,
    "operatingExpenses": 3650000000,
    "costAndExpenses": 7187000000,
    "interestIncome": 0,
    "interestExpense": 224000000,
    "depreciationAndAmortization": 522000000,
    "ebitda": 10477000000,
    "ebitdaratio": 0.6205650655,
    "operatingIncome": 9664000000,
    "operatingIncomeRatio": 0.5724101167,
    "totalOtherIncomeExpensesNet": 67000000,
    "incomeBeforeTax": 9731000000,
    "incomeBeforeTaxRatio": 0.5763786057,
    "incomeTaxExpense": 1613000000,
    "netIncome": 8118000000,
    "netIncomeRatio": 0.4808387135,
    "eps": 7.98,
    "epsdiluted": 7.94,
    "weightedAverageShsOut": 1017000000,
    "weightedAverageShsOutDil": 1022000000,
    "link": "https://www.sec.gov/Archives/edgar/data/1141391/000114139120000032/0001141391-20-000032-index.htm",
    "finalLink": "https://www.sec.gov/Archives/edgar/data/1141391/000114139120000032/ma12312019-10xk.htm"
  },
  {
    "date": "2018-12-31",
    "symbol": "MA",
    "reportedCurrency": "USD",
    "cik": "0001141391",
    "fillingDate": "2019-02-13",
    "acceptedDate": "2019-02-13 10:03:54",
    "calendarYear": "2018",
    "period": "FY",
    "revenue": 14950000000,
    "costOfRevenue": 3214000000,
    "grossProfit": 11736000000,
    "grossProfitRatio": 0.7850167224,
    "researchAndDevelopmentExpenses": 0,
    "generalAndAdministrativeExpenses": 1996000000,
    "sellingAndMarketingExpenses": 907000000,
    "sellingGeneralAndAdministrativeExpenses": 2903000000,
    "otherExpenses": 459000000,
    "operatingExpenses": 3362000000,
    "costAndExpenses": 6576000000,
    "interestIncome": 0,
    "interestExpense": 186000000,
    "depreciationAndAmortization": 459000000,
    "ebitda": 7849000000,
    "ebitdaratio": 0.5250167224,
    "operatingIncome": 7282000000,
    "operatingIncomeRatio": 0.487090301,
    "totalOtherIncomeExpensesNet": -78000000,
    "incomeBeforeTax": 7204000000,
    "incomeBeforeTaxRatio": 0.4818729097,
    "incomeTaxExpense": 1345000000,
    "netIncome": 5859000000,
    "netIncomeRatio": 0.3919063545,
    "eps": 5.63,
    "epsdiluted": 5.6,
    "weightedAverageShsOut": 1041000015,
    "weightedAverageShsOutDil": 1047000015,
    "link": "https://www.sec.gov/Archives/edgar/data/1141391/000114139119000013/0001141391-19-000013-index.htm",
    "finalLink": "https://www.sec.gov/Archives/edgar/data/1141391/000114139119000013/ma12312018-10xk.htm"
  },
  {
    "date": "2017-12-31",
    "symbol": "MA",
    "reportedCurrency": "USD",
    "cik": "0001141391",
    "fillingDate": "2018-02-14",
    "acceptedDate": "2018-02-14 12:37:09",
    "calendarYear": "2017",
    "period": "FY",
    "revenue": 12497000000,
    "costOfRevenue": 2687000000,
    "grossProfit": 9810000000,
    "grossProfitRatio": 0.7849883972,
    "researchAndDevelopmentExpenses": 0,
    "generalAndAdministrativeExpenses": 1860000000,
    "sellingAndMarketingExpenses": 771000000,
    "sellingGeneralAndAdministrativeExpenses": 2631000000,
    "otherExpenses": 436000000,
    "operatingExpenses": 3067000000,
    "costAndExpenses": 5754000000,
    "interestIncome": 0,
    "interestExpense": 154000000,
    "depreciationAndAmortization": 437000000,
    "ebitda": 7113000000,
    "ebitdaratio": 0.5691766024,
    "operatingIncome": 6622000000,
    "operatingIncomeRatio": 0.5298871729,
    "totalOtherIncomeExpensesNet": -100000000,
    "incomeBeforeTax": 6522000000,
    "incomeBeforeTaxRatio": 0.5218852525,
    "incomeTaxExpense": 2607000000,
    "netIncome": 3915000000,
    "netIncomeRatio": 0.313275186,
    "eps": 3.67,
    "epsdiluted": 3.65,
    "weightedAverageShsOut": 1067000016,
    "weightedAverageShsOutDil": 1072000016,
    "link": "https://www.sec.gov/Archives/edgar/data/1141391/000114139118000009/0001141391-18-000009-index.htm",
    "finalLink": "https://www.sec.gov/Archives/edgar/data/1141391/000114139118000009/ma12312017-10xk.htm"
  },
  {
    "date": "2016-12-31",
    "symbol": "MA",
    "reportedCurrency": "USD",
    "cik": "0001141391",
    "fillingDate": "2017-02-15",
    "acceptedDate": "2017-02-15 10:22:25",
    "calendarYear": "2016",
    "period": "FY",
    "revenue": 10776000000,
    "costOfRevenue": 2225000000,
    "grossProfit": 8551000000,
    "grossProfitRatio": 0.7935226429,
    "researchAndDevelopmentExpenses": 0,
    "generalAndAdministrativeExpenses": 1568000000,
    "sellingAndMarketingExpenses": 698000000,
    "sellingGeneralAndAdministrativeExpenses": 2266000000,
    "otherExpenses": 373000000,
    "operatingExpenses": 2639000000,
    "costAndExpenses": 4864000000,
    "interestIncome": 0,
    "interestExpense": 95000000,
    "depreciationAndAmortization": 373000000,
    "ebitda": 6114000000,
    "ebitdaratio": 0.5673719376,
    "operatingIncome": 5761000000,
    "operatingIncomeRatio": 0.5346139569,
    "totalOtherIncomeExpensesNet": -115000000,
    "incomeBeforeTax": 5646000000,
    "incomeBeforeTaxRatio": 0.5239420935,
    "incomeTaxExpense": 1587000000,
    "netIncome": 4059000000,
    "netIncomeRatio": 0.3766703786,
    "eps": 3.7,
    "epsdiluted": 3.69,
    "weightedAverageShsOut": 1098000016,
    "weightedAverageShsOutDil": 1101000016,
    "link": "https://www.sec.gov/Archives/edgar/data/1141391/000114139117000014/0001141391-17-000014-index.htm",
    "finalLink": "https://www.sec.gov/Archives/edgar/data/1141391/000114139117000014/ma12312016-10xk.htm"
  },
  {
    "date": "2015-12-31",
    "symbol": "MA",
    "reportedCurrency": "USD",
    "cik": "0001141391",
    "fillingDate": "2016-02-12",
    "acceptedDate": "2016-02-12 10:42:08",
    "calendarYear": "2015",
    "period": "FY",
    "revenue": 9667000000,
    "costOfRevenue": 2105000000,
    "grossProfit": 7562000000,
    "grossProfitRatio": 0.782248888,
    "researchAndDevelopmentExpenses": 0,
    "generalAndAdministrativeExpenses": 1318000000,
    "sellingAndMarketingExpenses": 821000000,
    "sellingGeneralAndAdministrativeExpenses": 2139000000,
    "otherExpenses": 366000000,
    "operatingExpenses": 2505000000,
    "costAndExpenses": 4610000000,
    "interestIncome": 0,
    "interestExpense": 61000000,
    "depreciationAndAmortization": 366000000,
    "ebitda": 5385000000,
    "ebitdaratio": 0.5570497569,
    "operatingIncome": 5078000000,
    "operatingIncomeRatio": 0.5252922313,
    "totalOtherIncomeExpensesNet": -120000000,
    "incomeBeforeTax": 4958000000,
    "incomeBeforeTaxRatio": 0.5128788662,
    "incomeTaxExpense": 1150000000,
    "netIncome": 3808000000,
    "netIncomeRatio": 0.3939174511,
    "eps": 3.36,
    "epsdiluted": 3.35,
    "weightedAverageShsOut": 1134000017,
    "weightedAverageShsOutDil": 1137000017,
    "link": "https://www.sec.gov/Archives/edgar/data/1141391/000114139116000085/0001141391-16-000085-index.htm",
    "finalLink": "https://www.sec.gov/Archives/edgar/data/1141391/000114139116000085/ma12312015-10xk.htm"
  }
]