[
  {
    "date": "2024-12-31",
    "symbol": "MA",
    "reportedCurrency": "USD",
    "cik": "0001141391",
    "fillingDate": "2025-02-12",
    "acceptedDate": "2025-02-12 14:30:36",
    "calendarYear": "2024",
    "period": "Q4",
    "revenue": 7489000000,
    "costOfRevenue": 1653000000,
    "grossProfit": 5836000000,
    "grossProfitRatio": 0.7792762719,
    "researchAndDevelopmentExpenses": 0,
    "generalAndAdministrativeExpenses": 1076000000,
    "sellingAndMarketingExpenses": 295000000,
    "sellingGeneralAndAdministrativeExpenses": 1371000000,
    "otherExpenses": 527000000,
    "operatingExpenses": 1898000000,
    "costAndExpenses": 3551000000,
    "interestIncome": 0,
    "interestExpense": 184000000,
    "depreciationAndAmortization": 231000000,
    "ebitda": 4306000000,
    "ebitdaratio": 0.5749766324,
    "operatingIncome": 3938000000,
    "operatingIncomeRatio": 0.5258378956,
    "totalOtherIncomeExpensesNet": -47000000,
    "incomeBeforeTax": 3891000000,
    "incomeBeforeTaxRatio": 0.5195620243,
    "incomeTaxExpense": 549000000,
    "netIncome": 3342000000,
    "netIncomeRatio": 0.4462545066,
    "eps": 3.64,
    "epsdiluted": 3.64,
    "weightedAverageShsOut": 917000000,
    "weightedAverageShsOutDil": 919000000,
    "link": "https://www.sec.gov/Archives/edgar/data/1141391/000114139125000011/0001141391-25-000011-index.htm",
    "finalLink": "https://www.sec.gov/Archives/edgar/data/1141391/000114139125000011/ma-20241231.htm"
  },
  {
    "date": "2024-09-30",
    "symbol": "MA",
    "reportedCurrency": "USD",
    "cik": "0001141391",
    "fillingDate": "2024-10-31",
    "acceptedDate": "2024-10-31 10:27:36",
    "calendarYear": "2024",
    "period": "Q3",
    "revenue": 7369000000,
    "costOfRevenue": 1899000000,
    "grossProfit": 5470000000,
    "grossProfitRatio": 0.7422988194,
    "researchAndDevelopmentExpenses": 0,
    "generalAndAdministrativeExpenses": 829000000,
    "sellingAndMarketingExpenses": 220000000,
    "sellingGeneralAndAdministrativeExpenses": 1049000000,
    "otherExpenses": 417000000,
    "operatingExpenses": 1466000000,
    "costAndExpenses": 3365000000,
    "interestIncome": 0,
    "interestExpense": 159000000,
    "depreciationAndAmortization": 225000000,
    "ebitda": 4250000000,
    "ebitdaratio": 0.576740399,
    "operatingIncome": 4004000000,
    "operatingIncomeRatio": 0.5433573076,
    "totalOtherIncomeExpensesNet": -138000000,
    "incomeBeforeTax": 3866000000,
    "incomeBeforeTaxRatio": 0.5246302076,
    "incomeTaxExpense": 603000000,
    "netIncome": 3263000000,
    "netIncomeRatio": 0.4428009228,
    "eps": 3.54,
    "epsdiluted": 3.53,
    "weightedAverageShsOut": 923000000,
    "weightedAverageShsOutDil": 925000000,
    "link": "https://www.sec.gov/Archives/edgar/data/1141391/000114139124000202/0001141391-24-000202-index.htm",
    "finalLink": "https://www.sec.gov/Archives/edgar/data/1141391/000114139124000202/ma-20240930.htm"
  },
  {
    "date": "2024-06-30",
    "symbol": "MA",
    "reportedCurrency": "USD",
    "cik": "0001141391",
    "fillingDate": "2024-07-31",
    "acceptedDate": "2024-07-31 10:19:22",
    "calendarYear": "2024",
    "period": "Q2",
    "revenue": 6961000000,
    "costOfRevenue": 1607000000,
    "grossProfit": 5354000000,
    "grossProfitRatio": 0.7691423646,
    "researchAndDevelopmentExpenses": 0,
    "generalAndAdministrativeExpenses": 806000000,
    "sellingAndMarketingExpenses": 184000000,
    "sellingGeneralAndAdministrativeExpenses": 990000000,
    "otherExpenses": 328000000,
    "operatingExpenses": 1318000000,
    "costAndExpenses": 2925000000,
    "interestIncome": 0,
    "interestExpense": 153000000,
    "depreciationAndAmortization": 225000000,
    "ebitda": 4317000000,
    "ebitdaratio": 0.6201695159,
    "operatingIncome": 4036000000,
    "operatingIncomeRatio": 0.5798017526,
    "totalOtherIncomeExpensesNet": -97000000,
    "incomeBeforeTax": 3939000000,
    "incomeBeforeTaxRatio": 0.5658669731,
    "incomeTaxExpense": 681000000,
    "netIncome": 3258000000,
    "netIncomeRatio": 0.4680362017,
    "eps": 3.51,
    "epsdiluted": 3.5,
    "weightedAverageShsOut": 929000000,
    "weightedAverageShsOutDil": 930000000,
    "link": "https://www.sec.gov/Archives/edgar/data/1141391/000114139124000161/0001141391-24-000161-index.htm",
    "finalLink": "https://www.sec.gov/Archives/edgar/data/1141391/000114139124000161/ma-20240630.htm"
  },
  {
    "date": "2024-03-31",
    "symbol": "MA",
    "reportedCurrency": "USD",
    "cik": "0001141391",
    "fillingDate": "2024-05-01",
    "acceptedDate": "2024-05-01 10:22:38",
    "calendarYear": "2024",
    "period": "Q1",
    "revenue": 6348000000,
    "costOfRevenue": 1514000000,
    "grossProfit": 4834000000,
    "grossProfitRatio": 0.7614996849,
    "researchAndDevelopmentExpenses": 0,
    "generalAndAdministrativeExpenses": 744000000,
    "sellingAndMarketingExpenses": 116000000,
    "sellingGeneralAndAdministrativeExpenses": 860000000,
    "otherExpenses": 370000000,
    "operatingExpenses": 1230000000,
    "costAndExpenses": 2744000000,
    "interestIncome": 0,
    "interestExpense": 150000000,
    "depreciationAndAmortization": 216000000,
    "ebitda": 3924000000,
    "ebitdaratio": 0.618147448,
    "operatingIncome": 3604000000,
    "operatingIncomeRatio": 0.5677378702,
    "totalOtherIncomeExpensesNet": -46000000,
    "incomeBeforeTax": 3558000000,
    "incomeBeforeTaxRatio": 0.5604914934,
    "incomeTaxExpense": 547000000,
    "netIncome": 3011000000,
    "netIncomeRatio": 0.4743226213,
    "eps": 3.23,
    "epsdiluted": 3.22,
    "weightedAverageShsOut": 933000000,
    "weightedAverageShsOutDil": 935000000,
    "link": "https://www.sec.gov/Archives/edgar/data/1141391/000114139124000087/0001141391-24-000087-index.htm",
    "finalLink": "https://www.sec.gov/Archives/edgar/data/1141391/000114139124000087/ma-20240331.htm"
  },
  {
    "date": "2023-12-31",
    "symbol": "MA",
    "reportedCurrency": "USD",
    "cik": "0001141391",
    "fillingDate": "2024-02-13",
    "acceptedDate": "2024-02-13 12:47:32",
    "calendarYear": "2023",
    "period": "Q4",
    "revenue": 6548000000,
    "costOfRevenue": 1528000000,
    "grossProfit": 5020000000,
    "grossProfitRatio": 0.7666463042,
    "researchAndDevelopmentExpenses": 0,
    "generalAndAdministrativeExpenses": 853000000,
    "sellingAndMarketingExpenses": 264000000,
    "sellingGeneralAndAdministrativeExpenses": 1117000000,
    "otherExpenses": 531000000,
    "operatingExpenses": 1648000000,
    "costAndExpenses": 3176000000,
    "interestIncome": 0,
    "interestExpense": 148000000,
    "depreciationAndAmortization": 205000000,
    "ebitda": 3674000000,
    "ebitdaratio": 0.5610873549,
    "operatingIncome": 3372000000,
    "operatingIncomeRatio": 0.514966402,
    "totalOtherIncomeExpensesNet": -51000000,
    "incomeBeforeTax": 3321000000,
    "incomeBeforeTaxRatio": 0.5071777642,
    "incomeTaxExpense": 530000000,
    "netIncome": 2791000000,
    "netIncomeRatio": 0.4262370189,
    "eps": 2.98,
    "epsdiluted": 2.97,
    "weightedAverageShsOut": 936000000,
    "weightedAverageShsOutDil": 939000000,
    "link": "https://www.sec.gov/Archives/edgar/data/1141391/000114139124000022/0001141391-24-000022-index.htm",
    "finalLink": "https://www.sec.gov/Archives/edgar/data/1141391/000114139124000022/ma-20231231.htm"
  },
  {
    "date": "2023-09-30",
    "symbol": "MA",
    "reportedCurrency": "USD",
    "cik": "0001141391",
    "fillingDate": "2023-10-26",
    "acceptedDate": "2023-10-26 10:11:53",
    "calendarYear": "2023",
    "period": "Q3",
    "revenue": 6533000000,
    "costOfRevenue": 1573000000,
    "grossProfit": 4960000000,
    "grossProfitRatio": 0.7592224093,
    "researchAndDevelopmentExpenses": 0,
    "generalAndAdministrativeExpenses": 687000000,
    "sellingAndMarketingExpenses": 193000000,
    "sellingGeneralAndAdministrativeExpenses": 880000000,
    "otherExpenses": 236000000,
    "operatingExpenses": 1116000000,
    "costAndExpenses": 2689000000,
    "interestIncome": 0,
    "interestExpense": 151000000,
    "depreciationAndAmortization": 211000000,
    "ebitda": 4123000000,
    "ebitdaratio": 0.6311036277,
    "operatingIncome": 3844000000,
    "operatingIncomeRatio": 0.5883973672,
    "totalOtherIncomeExpensesNet": -83000000,
    "incomeBeforeTax": 3761000000,
    "incomeBeforeTaxRatio": 0.5756926374,
    "incomeTaxExpense": 563000000,
    "netIncome": 3198000000,
    "netIncomeRatio": 0.4895147712,
    "eps": 3.4,
    "epsdiluted": 3.39,
    "weightedAverageShsOut": 941000000,
    "weightedAverageShsOutDil": 943000000,
    "link": "https://www.sec.gov/Archives/edgar/data/1141391/000114139123000157/0001141391-23-000157-index.htm",
    "finalLink": "https://www.sec.gov/Archives/edgar/data/1141391/000114139123000157/ma-20230930.htm"
  },
  {
    "date": "2023-06-30",
    "symbol": "MA",
    "reportedCurrency": "USD",
    "cik": "0001141391",
    "fillingDate": "2023-07-27",
    "acceptedDate": "2023-07-27 10:19:39",
    "calendarYear": "2023",
    "period": "Q2",
    "revenue": 6269000000,
    "costOfRevenue": 1495000000,
    "grossProfit": 4774000000,
    "grossProfitRatio": 0.7615249641,
    "researchAndDevelopmentExpenses": 0,
    "generalAndAdministrativeExpenses": 681000000,
    "sellingAndMarketingExpenses": 201000000,
    "sellingGeneralAndAdministrativeExpenses": 882000000,
    "otherExpenses": 236000000,
    "operatingExpenses": 1118000000,
    "costAndExpenses": 2613000000,
    "interestIncome": 0,
    "interestExpense": 144000000,
    "depreciationAndAmortization": 192000000,
    "ebitda": 4040000000,
    "ebitdaratio": 0.6444408997,
    "operatingIncome": 3656000000,
    "operatingIncomeRatio": 0.5831871112,
    "totalOtherIncomeExpensesNet": 48000000,
    "incomeBeforeTax": 3704000000,
    "incomeBeforeTaxRatio": 0.5908438347,
    "incomeTaxExpense": 859000000,
    "netIncome": 2845000000,
    "netIncomeRatio": 0.453820386,
    "eps": 3.01,
    "epsdiluted": 3,
    "weightedAverageShsOut": 946000000,
    "weightedAverageShsOutDil": 949000000,
    "link": "https://www.sec.gov/Archives/edgar/data/1141391/000114139123000131/0001141391-23-000131-index.htm",
    "finalLink": "https://www.sec.gov/Archives/edgar/data/1141391/000114139123000131/ma-20230630.htm"
  },
  {
    "date": "2023-03-31",
    "symbol": "MA",
    "reportedCurrency": "USD",
    "cik": "0001141391",
    "fillingDate": "2023-04-27",
    "acceptedDate": "2023-04-27 10:45:20",
    "calendarYear": "2023",
    "period": "Q1",
    "revenue": 5748000000,
    "costOfRevenue": 1426000000,
    "grossProfit": 4322000000,
    "grossProfitRatio": 0.7519137091,
    "researchAndDevelopmentExpenses": 0,
    "generalAndAdministrativeExpenses": 601000000,
    "sellingAndMarketingExpenses": 167000000,
    "sellingGeneralAndAdministrativeExpenses": 768000000,
    "otherExpenses": 418000000,
    "operatingExpenses": 1186000000,
    "costAndExpenses": 2612000000,
    "interestIncome": 0,
    "interestExpense": 132000000,
    "depreciationAndAmortization": 191000000,
    "ebitda": 3176000000,
    "ebitdaratio": 0.5525400139,
    "operatingIncome": 3136000000,
    "operatingIncomeRatio": 0.5455810717,
    "totalOtherIncomeExpensesNet": -283000000,
    "incomeBeforeTax": 2853000000,
    "incomeBeforeTaxRatio": 0.4963465553,
    "incomeTaxExpense": 492000000,
    "netIncome": 2361000000,
    "netIncomeRatio": 0.4107515658,
    "eps": 2.48,
    "epsdiluted": 2.47,
    "weightedAverageShsOut": 953000000,
    "weightedAverageShsOutDil": 956000000,
    "link": "https://www.sec.gov/Archives/edgar/data/1141391/000114139123000059/0001141391-23-000059-index.htm",
    "finalLink": "https://www.sec.gov/Archives/edgar/data/1141391/000114139123000059/ma-20230331.htm"
  },
  {
    "date": "2022-12-31",
    "symbol": "MA",
    "reportedCurrency": "USD",
    "cik": "0001141391",
    "fillingDate": "2023-02-14",
    "acceptedDate": "2023-02-14 16:48:22",
    "calendarYear": "2022",
    "period": "Q4",
    "revenue": 5817000000,
    "costOfRevenue": 1381000000,
    "grossProfit": 4436000000,
    "grossProfitRatio": 0.7625924016,
    "researchAndDevelopmentExpenses": 0,
    "generalAndAdministrativeExpenses": 844000000,
    "sellingAndMarketingExpenses": 216000000,
    "sellingGeneralAndAdministrativeExpenses": 1060000000,
    "otherExpenses": 192000000,
    "operatingExpenses": 1252000000,
    "costAndExpenses": 2633000000,
    "interestIncome": 0,
    "interestExpense": 127000000,
    "depreciationAndAmortization": 184000000,
    "ebitda": 3400000000,
    "ebitdaratio": 0.5844937253,
    "operatingIncome": 3184000000,
    "operatingIncomeRatio": 0.5473611827,
    "totalOtherIncomeExpensesNet": -95000000,
    "incomeBeforeTax": 3089000000,
    "incomeBeforeTaxRatio": 0.5310297404,
    "incomeTaxExpense": 564000000,
    "netIncome": 2525000000,
    "netIncomeRatio": 0.434072546,
    "eps": 2.63,
    "epsdiluted": 2.62,
    "weightedAverageShsOut": 960000000,
    "weightedAverageShsOutDil": 963000000,
    "link": "https://www.sec.gov/Archives/edgar/data/1141391/000114139123000020/0001141391-23-000020-index.htm",
    "finalLink": "https://www.sec.gov/Archives/edgar/data/1141391/000114139123000020/ma-20221231.htm"
  },
  {
    "date": "2022-09-30",
    "symbol": "MA",
    "reportedCurrency": "USD",
    "cik": "0001141391",
    "fillingDate": "2022-10-27",
    "acceptedDate": "2022-10-27 10:06:30",
    "calendarYear": "2022",
    "period": "Q3",
    "revenue": 5756000000,
    "costOfRevenue": 1382000000,
    "grossProfit": 4374000000,
    "grossProfitRatio": 0.7599027102,
    "researchAndDevelopmentExpenses": 0,
    "generalAndAdministrativeExpenses": 649000000,
    "sellingAndMarketingExpenses": 182000000,
    "sellingGeneralAndAdministrativeExpenses": 831000000,
    "otherExpenses": 431000000,
    "operatingExpenses": 1262000000,
    "costAndExpenses": 2644000000,
    "interestIncome": 0,
    "interestExpense": 120000000,
    "depreciationAndAmortization": 185000000,
    "ebitda": 3377000000,
    "ebitdaratio": 0.5866921473,
    "operatingIncome": 3112000000,
    "operatingIncomeRatio": 0.5406532314,
    "totalOtherIncomeExpensesNet": -40000000,
    "incomeBeforeTax": 3072000000,
    "incomeBeforeTaxRatio": 0.5337039611,
    "incomeTaxExpense": 573000000,
    "netIncome": 2499000000,
    "netIncomeRatio": 0.4341556637,
    "eps": 2.59,
    "epsdiluted": 2.58,
    "weightedAverageShsOut": 965000000,
    "weightedAverageShsOutDil": 968000000,
    "link": "https://www.sec.gov/Archives/edgar/data/1141391/000114139122000163/0001141391-22-000163-index.htm",
    "finalLink": "https://www.sec.gov/Archives/edgar/data/1141391/000114139122000163/ma-20220930.htm"
  },
  {
    "date": "2022-06-30",
    "symbol": "MA",
    "reportedCurrency": "USD",
    "cik": "0001141391",
    "fillingDate": "2022-07-28",
    "acceptedDate": "2022-07-28 13:25:14",
    "calendarYear": "2022",
    "period": "Q2",
    "revenue": 5497000000,
    "costOfRevenue": 1319000000,
    "grossProfit": 4178000000,
    "grossProfitRatio": 0.7600509369,
    "researchAndDevelopmentExpenses": 0,
    "generalAndAdministrativeExpenses": 593000000,
    "sellingAndMarketingExpenses": 210000000,
    "sellingGeneralAndAdministrativeExpenses": 803000000,
    "otherExpenses": 357000000,
    "operatingExpenses": 1160000000,
    "costAndExpenses": 2479000000,
    "interestIncome": 0,
    "interestExpense": 114000000,
    "depreciationAndAmortization": 189000000,
    "ebitda": 3101000000,
    "ebitdaratio": 0.5641258868,
    "operatingIncome": 3018000000,
    "operatingIncomeRatio": 0.5490267419,
    "totalOtherIncomeExpensesNet": -220000000,
    "incomeBeforeTax": 2798000000,
    "incomeBeforeTaxRatio": 0.5090049118,
    "incomeTaxExpense": 523000000,
    "netIncome": 2275000000,
    "netIncomeRatio": 0.4138621066,
    "eps": 2.34,
    "epsdiluted": 2.34,
    "weightedAverageShsOut": 971000000,
    "weightedAverageShsOutDil": 974000000,
    "link": "https://www.sec.gov/Archives/edgar/data/1141391/000114139122000150/0001141391-22-000150-index.htm",
    "finalLink": "https://www.sec.gov/Archives/edgar/data/1141391/000114139122000150/ma-20220630.htm"
  },
  {
    "date": "2022-03-31",
    "symbol": "MA",
    "reportedCurrency": "USD",
    "cik": "0001141391",
    "fillingDate": "2022-04-28",
    "acceptedDate": "2022-04-28 10:16:49",
    "calendarYear": "2022",
    "period": "Q1",
    "revenue": 5167000000,
    "costOfRevenue": 1181000000,
    "grossProfit": 3986000000,
    "grossProfitRatio": 0.771434101,
    "researchAndDevelopmentExpenses": 0,
    "generalAndAdministrativeExpenses": 627000000,
    "sellingAndMarketingExpenses": 181000000,
    "sellingGeneralAndAdministrativeExpenses": 808000000,
    "otherExpenses": 228000000,
    "operatingExpenses": 1036000000,
    "costAndExpenses": 2217000000,
    "interestIncome": 0,
    "interestExpense": 110000000,
    "depreciationAndAmortization": 192000000,
    "ebitda": 3075000000,
    "ebitdaratio": 0.5951228953,
    "operatingIncome": 2950000000,
    "operatingIncomeRatio": 0.5709309077,
    "totalOtherIncomeExpensesNet": -177000000,
    "incomeBeforeTax": 2773000000,
    "incomeBeforeTaxRatio": 0.5366750532,
    "incomeTaxExpense": 142000000,
    "netIncome": 2631000000,
    "netIncomeRatio": 0.5091929553,
    "eps": 2.69,
    "epsdiluted": 2.68,
    "weightedAverageShsOut": 977000000,
    "weightedAverageShsOutDil": 981000000,
    "link": "https://www.sec.gov/Archives/edgar/data/1141391/000114139122000088/0001141391-22-000088-index.htm",
    "finalLink": "https://www.sec.gov/Archives/edgar/data/1141391/000114139122000088/ma-20220331.htm"
  },
  {
    "date": "2021-12-31",
    "symbol": "MA",
    "reportedCurrency": "USD",
    "cik": "0001141391",
    "fillingDate": "2022-02-11",
    "acceptedDate": "2022-02-11 09:52:16",
    "calendarYear": "2021",
    "period": "Q4",
    "revenue": 5216000000,
    "costOfRevenue": 1089000000,
    "grossProfit": 4127000000,
    "grossProfitRatio": 0.7912193252,
    "researchAndDevelopmentExpenses": 0,
    "generalAndAdministrativeExpenses": 757000000,
    "sellingAndMarketingExpenses": 338000000,
    "sellingGeneralAndAdministrativeExpenses": 1095000000,
    "otherExpenses": 205000000,
    "operatingExpenses": 1300000000,
    "costAndExpenses": 2389000000,
    "interestIncome": 0,
    "interestExpense": 108000000,
    "depreciationAndAmortization": 189000000,
    "ebitda": 3120000000,
    "ebitdaratio": 0.5981595092,
    "operatingIncome": 2827000000,
    "operatingIncomeRatio": 0.5419861963,
    "totalOtherIncomeExpensesNet": -4000000,
    "incomeBeforeTax": 2823000000,
    "incomeBeforeTaxRatio": 0.5412193252,
    "incomeTaxExpense": 444000000,
    "netIncome": 2379000000,
    "netIncomeRatio": 0.4560966258,
    "eps": 2.42,
    "epsdiluted": 2.41,
    "weightedAverageShsOut": 982000000,
    "weightedAverageShsOutDil": 986000000,
    "link": "https://www.sec.gov/Archives/edgar/data/1141391/000114139122000023/0001141391-22-000023-index.htm",
    "finalLink": "https://www.sec.gov/Archives/edgar/data/1141391/000114139122000023/ma-20211231.htm"
  },
  {
    "date": "2021-09-30",
    "symbol": "MA",
    "reportedCurrency": "USD",
    "cik": "0001141391",
    "fillingDate": "2021-10-28",
    "acceptedDate": "2021-10-28 10:12:34",
    "calendarYear": "2021",
    "period": "Q3",
    "revenue": 4985000000,
    "costOfRevenue": 1166000000,
    "grossProfit": 3819000000,
    "grossProfitRatio": 0.7660982949,
    "researchAndDevelopmentExpenses": 0,
    "generalAndAdministrativeExpenses": 646000000,
    "sellingAndMarketingExpenses": 222000000,
    "sellingGeneralAndAdministrativeExpenses": 868000000,
    "otherExpenses": 234000000,
    "operatingExpenses": 1102000000,
    "costAndExpenses": 2268000000,
    "interestIncome": 0,
    "interestExpense": 110000000,
    "depreciationAndAmortization": 188000000,
    "ebitda": 3114000000,
    "ebitdaratio": 0.6246740221,
    "operatingIncome": 2717000000,
    "operatingIncomeRatio": 0.5450351053,
    "totalOtherIncomeExpensesNet": 99000000,
    "incomeBeforeTax": 2816000000,
    "incomeBeforeTaxRatio": 0.5648946841,
    "incomeTaxExpense": 402000000,
    "netIncome": 2414000000,
    "netIncomeRatio": 0.4842527583,
    "eps": 2.45,
    "epsdiluted": 2.44,
    "weightedAverageShsOut": 986000000,
    "weightedAverageShsOutDil": 990000000,
    "link": "https://www.sec.gov/Archives/edgar/data/1141391/000114139121000182/0001141391-21-000182-index.htm",
    "finalLink": "https://www.sec.gov/Archives/edgar/data/1141391/000114139121000182/ma-20210930.htm"
  },
  {
    "date": "2021-06-30",
    "symbol": "MA",
    "reportedCurrency": "USD",
    "cik": "0001141391",
    "fillingDate": "2021-07-29",
    "acceptedDate": "2021-07-29 10:27:00",
    "calendarYear": "2021",
    "period": "Q2",
    "revenue": 4528000000,
    "costOfRevenue": 1130000000,
    "grossProfit": 3398000000,
    "grossProfitRatio": 0.7504416961,
    "researchAndDevelopmentExpenses": 0,
    "generalAndAdministrativeExpenses": 580000000,
    "sellingAndMarketingExpenses": 216000000,
    "sellingGeneralAndAdministrativeExpenses": 796000000,
    "otherExpenses": 261000000,
    "operatingExpenses": 1057000000,
    "costAndExpenses": 2187000000,
    "interestIncome": 0,
    "interestExpense": 106000000,
    "depreciationAndAmortization": 186000000,
    "ebitda": 2770000000,
    "ebitdaratio": 0.6117491166,
    "operatingIncome": 2341000000,
    "operatingIncomeRatio": 0.5170053004,
    "totalOtherIncomeExpensesNet": 137000000,
    "incomeBeforeTax": 2478000000,
    "incomeBeforeTaxRatio": 0.5472614841,
    "incomeTaxExpense": 412000000,
    "netIncome": 2066000000,
    "netIncomeRatio": 0.4562720848,
    "eps": 2.09,
    "epsdiluted": 2.08,
    "weightedAverageShsOut": 990000000,
    "weightedAverageShsOutDil": 994000000,
    "link": "https://www.sec.gov/Archives/edgar/data/1141391/000114139121000156/0001141391-21-000156-index.htm",
    "finalLink": "https://www.sec.gov/Archives/edgar/data/1141391/000114139121000156/ma-20210630.htm"
  },
  {
    "date": "2021-03-31",
    "symbol": "MA",
    "reportedCurrency": "USD",
    "cik": "0001141391",
    "fillingDate": "2021-04-29",
    "acceptedDate": "2021-04-29 10:12:52",
    "calendarYear": "2021",
    "period": "Q1",
    "revenue": 4155000000,
    "costOfRevenue": 1104000000,
    "grossProfit": 3051000000,
    "grossProfitRatio": 0.7342960289,
    "researchAndDevelopmentExpenses": 0,
    "generalAndAdministrativeExpenses": 564000000,
    "sellingAndMarketingExpenses": 119000000,
    "sellingGeneralAndAdministrativeExpenses": 683000000,
    "otherExpenses": 171000000,
    "operatingExpenses": 854000000,
    "costAndExpenses": 1958000000,
    "interestIncome": 0,
    "interestExpense": 107000000,
    "depreciationAndAmortization": 163000000,
    "ebitda": 2460000000,
    "ebitdaratio": 0.5920577617,
    "operatingIncome": 2197000000,
    "operatingIncomeRatio": 0.5287605295,
    "totalOtherIncomeExpensesNet": -7000000,
    "incomeBeforeTax": 2190000000,
    "incomeBeforeTaxRatio": 0.5270758123,
    "incomeTaxExpense": 362000000,
    "netIncome": 1828000000,
    "netIncomeRatio": 0.4399518652,
    "eps": 1.84,
    "epsdiluted": 1.83,
    "weightedAverageShsOut": 994000000,
    "weightedAverageShsOutDil": 998000000,
    "link": "https://www.sec.gov/Archives/edgar/data/1141391/000114139121000091/0001141391-21-000091-index.htm",
    "finalLink": "https://www.sec.gov/Archives/edgar/data/1141391/000114139121000091/ma-20210331.htm"
  },
  {
    "date": "2020-12-31",
    "symbol": "MA",
    "reportedCurrency": "USD",
    "cik": "0001141391",
    "fillingDate": "2021-02-12",
    "acceptedDate": "2021-02-12 10:44:10",
    "calendarYear": "2020",
    "period": "Q4",
    "revenue": 4120000000,
    "costOfRevenue": 970000000,
    "grossProfit": 3150000000,
    "grossProfitRatio": 0.7645631068,
    "researchAndDevelopmentExpenses": 0,
    "generalAndAdministrativeExpenses": 636000000,
    "sellingAndMarketingExpenses": 242000000,
    "sellingGeneralAndAdministrativeExpenses": 878000000,
    "otherExpenses": 214000000,
    "operatingExpenses": 1092000000,
    "costAndExpenses": 2062000000,
    "interestIncome": 0,
    "interestExpense": 105000000,
    "depreciationAndAmortization": 150000000,
    "ebitda": 2423000000,
    "ebitdaratio": 0.5881067961,
    "operatingIncome": 2058000000,
    "operatingIncomeRatio": 0.4995145631,
    "totalOtherIncomeExpensesNet": 110000000,
    "incomeBeforeTax": 2168000000,
    "incomeBeforeTaxRatio": 0.5262135922,
    "incomeTaxExpense": 383000000,
    "netIncome": 1785000000,
    "netIncomeRatio": 0.4332524272,
    "eps": 1.79,
    "epsdiluted": 1.78,
    "weightedAverageShsOut": 996000014,
    "weightedAverageShsOutDil": 1001000015,
    "link": "https://www.sec.gov/Archives/edgar/data/1141391/000114139121000018/0001141391-21-000018-index.htm",
    "finalLink": "https://www.sec.gov/Archives/edgar/data/1141391/000114139121000018/ma-20201231.htm"
  },
  {
    "date": "2020-09-30",
    "symbol": "MA",
    "reportedCurrency": "USD",
    "cik": "0001141391",
    "fillingDate": "2020-10-28",
    "acceptedDate": "2020-10-28 10:14:35",
    "calendarYear": "2020",
    "period": "Q3",
    "revenue": 3837000000,
    "costOfRevenue": 940000000,
    "grossProfit": 2897000000,
    "grossProfitRatio": 0.7550169403,
    "researchAndDevelopmentExpenses": 0,
    "generalAndAdministrativeExpenses": 460000000,
    "sellingAndMarketingExpenses": 168000000,
    "sellingGeneralAndAdministrativeExpenses": 628000000,
    "otherExpenses": 164000000,
    "operatingExpenses": 792000000,
    "costAndExpenses": 1732000000,
    "interestIncome": 0,
    "interestExpense": 105000000,
    "depreciationAndAmortization": 141000000,
    "ebitda": 2161000000,
    "ebitdaratio": 0.563200417,
    "operatingIncome": 2105000000,
    "operatingIncomeRatio": 0.5486056815,
    "totalOtherIncomeExpensesNet": -190000000,
    "incomeBeforeTax": 1915000000,
    "incomeBeforeTaxRatio": 0.499087829,
    "incomeTaxExpense": 402000000,
    "netIncome": 1513000000,
    "netIncomeRatio": 0.394318478,
    "eps": 1.51,
    "epsdiluted": 1.51,
    "weightedAverageShsOut": 1001000000,
    "weightedAverageShsOutDil": 1005000000,
    "link": "https://www.sec.gov/Archives/edgar/data/1141391/000114139120000203/0001141391-20-000203-index.htm",
    "finalLink": "https://www.sec.gov/Archives/edgar/data/1141391/000114139120000203/ma-20200930.htm"
  },
  {
    "date": "2020-06-30",
    "symbol": "MA",
    "reportedCurrency": "USD",
    "cik": "0001141391",
    "fillingDate": "2020-07-30",
    "acceptedDate": "2020-07-30 18:21:41",
    "calendarYear": "2020",
    "period": "Q2",
    "revenue": 3335000000,
    "costOfRevenue": 915000000,
    "grossProfit": 2420000000,
    "grossProfitRatio": 0.7256371814,
    "researchAndDevelopmentExpenses": 0,
    "generalAndAdministrativeExpenses": 434000000,
    "sellingAndMarketingExpenses": 93000000,
    "sellingGeneralAndAdministrativeExpenses": 527000000,
    "otherExpenses": 186000000,
    "operatingExpenses": 713000000,
    "costAndExpenses": 1628000000,
    "interestIncome": 0,
    "interestExpense": 101000000,
    "depreciationAndAmortization": 145000000,
    "ebitda": 1936000000,
    "ebitdaratio": 0.5805097451,
    "operatingIncome": 1707000000,
    "operatingIncomeRatio": 0.511844078,
    "totalOtherIncomeExpensesNet": -17000000,
    "incomeBeforeTax": 1690000000,
    "incomeBeforeTaxRatio": 0.5067466267,
    "incomeTaxExpense": 270000000,
    "netIncome": 1420000000,
    "netIncomeRatio": 0.4257871064,
    "eps": 1.41,
    "epsdiluted": 1.41,
    "weightedAverageShsOut": 1004000000,
    "weightedAverageShsOutDil": 1008000000,
    "link": "https://www.sec.gov/Archives/edgar/data/1141391/000114139120000165/0001141391-20-000165-index.htm",
    "finalLink": "https://www.sec.gov/Archives/edgar/data/1141391/000114139120000165/ma06302020-10xq.htm"
  },
  {
    "date": "2020-03-31",
    "symbol": "MA",
    "reportedCurrency": "USD",
    "cik": "0001141391",
    "fillingDate": "2020-04-29",
    "acceptedDate": "2020-04-29 11:13:34",
    "calendarYear": "2020",
    "period": "Q1",
    "revenue": 4009000000,
    "costOfRevenue": 962000000,
    "grossProfit": 3047000000,
    "grossProfitRatio": 0.7600399102,
    "researchAndDevelopmentExpenses": 0,
    "generalAndAdministrativeExpenses": 584000000,
    "sellingAndMarketingExpenses": 154000000,
    "sellingGeneralAndAdministrativeExpenses": 738000000,
    "otherExpenses": 98000000,
    "operatingExpenses": 836000000,
    "costAndExpenses": 1798000000,
    "interestIncome": 0,
    "interestExpense": 69000000,
    "depreciationAndAmortization": 144000000,
    "ebitda": 2200000000,
    "ebitdaratio": 0.5487652781,
    "operatingIncome": 2211000000,
    "operatingIncomeRatio": 0.5515091045,
    "totalOtherIncomeExpensesNet": -224000000,
    "incomeBeforeTax": 1987000000,
    "incomeBeforeTaxRatio": 0.4956348217,
    "incomeTaxExpense": 294000000,
    "netIncome": 1693000000,
    "netIncomeRatio": 0.4222998254,
    "eps": 1.68,
    "epsdiluted": 1.68,
    "weightedAverageShsOut": 1005000000,
    "weightedAverageShsOutDil": 1010000000,
    "link": "https://www.sec.gov/Archives/edgar/data/1141391/000114139120000091/0001141391-20-000091-index.htm",
    "finalLink": "https://www.sec.gov/Archives/edgar/data/1141391/000114139120000091/ma03312020-10xq.htm"
  }
]