[
  {
    "date": "2024-12-31",
    "symbol": "KO",
    "reportedCurrency": "USD",
    "cik": "0000021344",
    "fillingDate": "2025-02-20",
    "acceptedDate": "2025-02-20 15:17:12",
    "calendarYear": "2024",
    "period": "FY",
    "revenue": 47061000000,
    "costOfRevenue": 18324000000,
    "grossProfit": 28737000000,
    "grossProfitRatio": 0.6106330082,
    "researchAndDevelopmentExpenses": 0,
    "generalAndAdministrativeExpenses": 286000000,
    "sellingAndMarketingExpenses": 7671000000,
    "sellingGeneralAndAdministrativeExpenses": 7957000000,
    "otherExpenses": 10788000000,
    "operatingExpenses": 18745000000,
    "costAndExpenses": 37069000000,
    "interestIncome": 988000000,
    "interestExpense": 1656000000,
    "depreciationAndAmortization": 1075000000,
    "ebitda": 15817000000,
    "ebitdaratio": 0.3360957056,
    "operatingIncome": 9992000000,
    "operatingIncomeRatio": 0.2123201802,
    "totalOtherIncomeExpensesNet": 3094000000,
    "incomeBeforeTax": 13086000000,
    "incomeBeforeTaxRatio": 0.2780646395,
    "incomeTaxExpense": 2455000000,
    "netIncome": 10631000000,
    "netIncomeRatio": 0.2258983022,
    "eps": 2.47,
    "epsdiluted": 2.46,
    "weightedAverageShsOut": 4309000000,
    "weightedAverageShsOutDil": 4320000000,
    "link": "https://www.sec.gov/Archives/edgar/data/21344/000002134425000011/0000021344-25-000011-index.htm",
    "finalLink": "https://www.sec.gov/Archives/edgar/data/21344/000002134425000011/ko-20241231.htm"
  },
  {
    "date": "2023-12-31",
    "symbol": "KO",
    "reportedCurrency": "USD",
    "cik": "0000021344",
    "fillingDate": "2024-02-20",
    "acceptedDate": "2024-02-20 13:21:24",
    "calendarYear": "2023",
    "period": "FY",
    "revenue": 45754000000,
    "costOfRevenue": 18520000000,
    "grossProfit": 27234000000,
    "grossProfitRatio": 0.5952266469,
    "researchAndDevelopmentExpenses": 0,
    "generalAndAdministrativeExpenses": 254000000,
    "sellingAndMarketingExpenses": 7609000000,
    "sellingGeneralAndAdministrativeExpenses": 7863000000,
    "otherExpenses": 8060000000,
    "operatingExpenses": 15928000000,
    "costAndExpenses": 34377000000,
    "interestIncome": 907000000,
    "interestExpense": 1527000000,
    "depreciationAndAmortization": 1128000000,
    "ebitda": 15621000000,
    "ebitdaratio": 0.3414127727,
    "operatingIncome": 11311000000,
    "operatingIncomeRatio": 0.2472133584,
    "totalOtherIncomeExpensesNet": 1641000000,
    "incomeBeforeTax": 12952000000,
    "incomeBeforeTaxRatio": 0.2830790751,
    "incomeTaxExpense": 2249000000,
    "netIncome": 10714000000,
    "netIncomeRatio": 0.2341653189,
    "eps": 2.48,
    "epsdiluted": 2.47,
    "weightedAverageShsOut": 4323000000,
    "weightedAverageShsOutDil": 4339000000,
    "link": "https://www.sec.gov/Archives/edgar/data/21344/000002134424000009/0000021344-24-000009-index.htm",
    "finalLink": "https://www.sec.gov/Archives/edgar/data/21344/000002134424000009/ko-20231231.htm"
  },
  {
    "date": "2022-12-31",
    "symbol": "KO",
    "reportedCurrency": "USD",
    "cik": "0000021344",
    "fillingDate": "2023-02-21",
    "acceptedDate": "2023-02-21 16:03:20",
    "calendarYear": "2022",
    "period": "FY",
    "revenue": 43004000000,
    "costOfRevenue": 18000000000,
    "grossProfit": 25004000000,
    "grossProfitRatio": 0.5814342852,
    "researchAndDevelopmentExpenses": 0,
    "generalAndAdministrativeExpenses": 356000000,
    "sellingAndMarketingExpenses": 7086000000,
    "sellingGeneralAndAdministrativeExpenses": 12880000000,
    "otherExpenses": 1215000000,
    "operatingExpenses": 14095000000,
    "costAndExpenses": 32095000000,
    "interestIncome": 449000000,
    "interestExpense": 882000000,
    "depreciationAndAmortization": 1260000000,
    "ebitda": 13807000000,
    "ebitdaratio": 0.3210631569,
    "operatingIncome": 10909000000,
    "operatingIncomeRatio": 0.2536740768,
    "totalOtherIncomeExpensesNet": 777000000,
    "incomeBeforeTax": 11686000000,
    "incomeBeforeTaxRatio": 0.2717421635,
    "incomeTaxExpense": 2115000000,
    "netIncome": 9542000000,
    "netIncomeRatio": 0.2218863362,
    "eps": 2.2,
    "epsdiluted": 2.19,
    "weightedAverageShsOut": 4328000000,
    "weightedAverageShsOutDil": 4350000000,
    "link": "https://www.sec.gov/Archives/edgar/data/21344/000002134423000011/0000021344-23-000011-index.htm",
    "finalLink": "https://www.sec.gov/Archives/edgar/data/21344/000002134423000011/ko-20221231.htm"
  },
  {
    "date": "2021-12-31",
    "symbol": "KO",
    "reportedCurrency": "USD",
    "cik": "0000021344",
    "fillingDate": "2022-02-22",
    "acceptedDate": "2022-02-22 15:45:48",
    "calendarYear": "2021",
    "period": "FY",
    "revenue": 38655000000,
    "costOfRevenue": 15357000000,
    "grossProfit": 23298000000,
    "grossProfitRatio": 0.6027163368,
    "researchAndDevelopmentExpenses": 0,
    "generalAndAdministrativeExpenses": 337000000,
    "sellingAndMarketingExpenses": 6672000000,
    "sellingGeneralAndAdministrativeExpenses": 12144000000,
    "otherExpenses": 846000000,
    "operatingExpenses": 12990000000,
    "costAndExpenses": 28347000000,
    "interestIncome": 276000000,
    "interestExpense": 1597000000,
    "depreciationAndAmortization": 1452000000,
    "ebitda": 14537000000,
    "ebitdaratio": 0.3760703661,
    "operatingIncome": 10308000000,
    "operatingIncomeRatio": 0.2666666667,
    "totalOtherIncomeExpensesNet": 2117000000,
    "incomeBeforeTax": 12425000000,
    "incomeBeforeTaxRatio": 0.321433191,
    "incomeTaxExpense": 2621000000,
    "netIncome": 9771000000,
    "netIncomeRatio": 0.252774544,
    "eps": 2.26,
    "epsdiluted": 2.25,
    "weightedAverageShsOut": 4315000000,
    "weightedAverageShsOutDil": 4340000000,
    "link": "https://www.sec.gov/Archives/edgar/data/21344/000002134422000009/0000021344-22-000009-index.htm",
    "finalLink": "https://www.sec.gov/Archives/edgar/data/21344/000002134422000009/ko-20211231.htm"
  },
  {
    "date": "2020-12-31",
    "symbol": "KO",
    "reportedCurrency": "USD",
    "cik": "0000021344",
    "fillingDate": "2021-02-25",
    "acceptedDate": "2021-02-25 13:47:17",
    "calendarYear": "2020",
    "period": "FY",
    "revenue": 33014000000,
    "costOfRevenue": 13433000000,
    "grossProfit": 19581000000,
    "grossProfitRatio": 0.5931120131,
    "researchAndDevelopmentExpenses": 0,
    "generalAndAdministrativeExpenses": 126000000,
    "sellingAndMarketingExpenses": 5415000000,
    "sellingGeneralAndAdministrativeExpenses": 9731000000,
    "otherExpenses": 853000000,
    "operatingExpenses": 10584000000,
    "costAndExpenses": 24017000000,
    "interestIncome": 370000000,
    "interestExpense": 1437000000,
    "depreciationAndAmortization": 1536000000,
    "ebitda": 12659000000,
    "ebitdaratio": 0.3834433877,
    "operatingIncome": 8997000000,
    "operatingIncomeRatio": 0.2725207488,
    "totalOtherIncomeExpensesNet": 752000000,
    "incomeBeforeTax": 9749000000,
    "incomeBeforeTaxRatio": 0.2952989641,
    "incomeTaxExpense": 1981000000,
    "netIncome": 7747000000,
    "netIncomeRatio": 0.2346580239,
    "eps": 1.8,
    "epsdiluted": 1.79,
    "weightedAverageShsOut": 4295000000,
    "weightedAverageShsOutDil": 4323000000,
    "link": "https://www.sec.gov/Archives/edgar/data/21344/000002134421000008/0000021344-21-000008-index.htm",
    "finalLink": "https://www.sec.gov/Archives/edgar/data/21344/000002134421000008/ko-20201231.htm"
  },
  {
    "date": "2019-12-31",
    "symbol": "KO",
    "reportedCurrency": "USD",
    "cik": "0000021344",
    "fillingDate": "2020-02-24",
    "acceptedDate": "2020-02-24 16:08:17",
    "calendarYear": "2019",
    "period": "FY",
    "revenue": 37266000000,
    "costOfRevenue": 14619000000,
    "grossProfit": 22647000000,
    "grossProfitRatio": 0.6077121237,
    "researchAndDevelopmentExpenses": 0,
    "generalAndAdministrativeExpenses": 201000000,
    "sellingAndMarketingExpenses": 7119000000,
    "sellingGeneralAndAdministrativeExpenses": 12103000000,
    "otherExpenses": 458000000,
    "operatingExpenses": 12561000000,
    "costAndExpenses": 27180000000,
    "interestIncome": 563000000,
    "interestExpense": 946000000,
    "depreciationAndAmortization": 1365000000,
    "ebitda": 13045000000,
    "ebitdaratio": 0.3500509848,
    "operatingIncome": 10086000000,
    "operatingIncomeRatio": 0.2706488488,
    "totalOtherIncomeExpensesNet": 700000000,
    "incomeBeforeTax": 10786000000,
    "incomeBeforeTaxRatio": 0.2894327269,
    "incomeTaxExpense": 1801000000,
    "netIncome": 8920000000,
    "netIncomeRatio": 0.2393602748,
    "eps": 2.09,
    "epsdiluted": 2.07,
    "weightedAverageShsOut": 4276000000,
    "weightedAverageShsOutDil": 4314000000,
    "link": "https://www.sec.gov/Archives/edgar/data/21344/000002134420000006/0000021344-20-000006-index.htm",
    "finalLink": "https://www.sec.gov/Archives/edgar/data/21344/000002134420000006/a2019123110-k.htm"
  },
  {
    "date": "2018-12-31",
    "symbol": "KO",
    "reportedCurrency": "USD",
    "cik": "0000021344",
    "fillingDate": "2019-02-21",
    "acceptedDate": "2019-02-21 16:55:42",
    "calendarYear": "2018",
    "period": "FY",
    "revenue": 34300000000,
    "costOfRevenue": 13067000000,
    "grossProfit": 21233000000,
    "grossProfitRatio": 0.6190379009,
    "researchAndDevelopmentExpenses": 0,
    "generalAndAdministrativeExpenses": 225000000,
    "sellingAndMarketingExpenses": 6295000000,
    "sellingGeneralAndAdministrativeExpenses": 6520000000,
    "otherExpenses": -1674000000,
    "operatingExpenses": 12081000000,
    "costAndExpenses": 25148000000,
    "interestIncome": 689000000,
    "interestExpense": 950000000,
    "depreciationAndAmortization": 1086000000,
    "ebitda": 10226000000,
    "ebitdaratio": 0.2981341108,
    "operatingIncome": 9152000000,
    "operatingIncomeRatio": 0.2668221574,
    "totalOtherIncomeExpensesNet": -927000000,
    "incomeBeforeTax": 8225000000,
    "incomeBeforeTaxRatio": 0.2397959184,
    "incomeTaxExpense": 1749000000,
    "netIncome": 6434000000,
    "netIncomeRatio": 0.1875801749,
    "eps": 1.51,
    "epsdiluted": 1.5,
    "weightedAverageShsOut": 4259000000,
    "weightedAverageShsOutDil": 4299000000,
    "link": "https://www.sec.gov/Archives/edgar/data/21344/000002134419000014/0000021344-19-000014-index.htm",
    "finalLink": "https://www.sec.gov/Archives/edgar/data/21344/000002134419000014/a2018123110-k.htm"
  },
  {
    "date": "2017-12-31",
    "symbol": "KO",
    "reportedCurrency": "USD",
    "cik": "0000021344",
    "fillingDate": "2018-02-23",
    "acceptedDate": "2018-02-23 11:20:20",
    "calendarYear": "2017",
    "period": "FY",
    "revenue": 35410000000,
    "costOfRevenue": 13256000000,
    "grossProfit": 22154000000,
    "grossProfitRatio": 0.6256424739,
    "researchAndDevelopmentExpenses": 0,
    "generalAndAdministrativeExpenses": 219000000,
    "sellingAndMarketingExpenses": 7215000000,
    "sellingGeneralAndAdministrativeExpenses": 12496000000,
    "otherExpenses": -1666000000,
    "operatingExpenses": 14653000000,
    "costAndExpenses": 27909000000,
    "interestIncome": 677000000,
    "interestExpense": 841000000,
    "depreciationAndAmortization": 1260000000,
    "ebitda": 8755000000,
    "ebitdaratio": 0.2472465405,
    "operatingIncome": 7501000000,
    "operatingIncomeRatio": 0.2118328156,
    "totalOtherIncomeExpensesNet": -865000000,
    "incomeBeforeTax": 6742000000,
    "incomeBeforeTaxRatio": 0.1903981926,
    "incomeTaxExpense": 5560000000,
    "netIncome": 1248000000,
    "netIncomeRatio": 0.0352442813,
    "eps": 0.29,
    "epsdiluted": 0.29,
    "weightedAverageShsOut": 4272000000,
    "weightedAverageShsOutDil": 4324000000,
    "link": "https://www.sec.gov/Archives/edgar/data/21344/000002134418000008/0000021344-18-000008-index.htm",
    "finalLink": "https://www.sec.gov/Archives/edgar/data/21344/000002134418000008/a2017123110-k.htm"
  },
  {
    "date": "2016-12-31",
    "symbol": "KO",
    "reportedCurrency": "USD",
    "cik": "0000021344",
    "fillingDate": "2017-02-24",
    "acceptedDate": "2017-02-24 11:34:47",
    "calendarYear": "2016",
    "period": "FY",
    "revenue": 41863000000,
    "costOfRevenue": 16465000000,
    "grossProfit": 25398000000,
    "grossProfitRatio": 0.6066932614,
    "researchAndDevelopmentExpenses": 0,
    "generalAndAdministrativeExpenses": 258000000,
    "sellingAndMarketingExpenses": 9181000000,
    "sellingGeneralAndAdministrativeExpenses": 15262000000,
    "otherExpenses": -1234000000,
    "operatingExpenses": 16772000000,
    "costAndExpenses": 33237000000,
    "interestIncome": 642000000,
    "interestExpense": 733000000,
    "depreciationAndAmortization": 1787000000,
    "ebitda": 10607000000,
    "ebitdaratio": 0.2533741012,
    "operatingIncome": 8626000000,
    "operatingIncomeRatio": 0.2060530779,
    "totalOtherIncomeExpensesNet": -521000000,
    "incomeBeforeTax": 8136000000,
    "incomeBeforeTaxRatio": 0.1943482311,
    "incomeTaxExpense": 1586000000,
    "netIncome": 6527000000,
    "netIncomeRatio": 0.1559133364,
    "eps": 1.51,
    "epsdiluted": 1.49,
    "weightedAverageShsOut": 4317000000,
    "weightedAverageShsOutDil": 4367000000,
    "link": "https://www.sec.gov/Archives/edgar/data/21344/000002134417000009/0000021344-17-000009-index.htm",
    "finalLink": "https://www.sec.gov/Archives/edgar/data/21344/000002134417000009/a2016123110-k.htm"
  },
  {
    "date": "2015-12-31",
    "symbol": "KO",
    "reportedCurrency": "USD",
    "cik": "0000021344",
    "fillingDate": "2016-02-25",
    "acceptedDate": "2016-02-25 14:48:38",
    "calendarYear": "2015",
    "period": "FY",
    "revenue": 44294000000,
    "costOfRevenue": 17482000000,
    "grossProfit": 26812000000,
    "grossProfitRatio": 0.6053190048,
    "researchAndDevelopmentExpenses": 0,
    "generalAndAdministrativeExpenses": 236000000,
    "sellingAndMarketingExpenses": 10001000000,
    "sellingGeneralAndAdministrativeExpenses": 10237000000,
    "otherExpenses": 631000000,
    "operatingExpenses": 18084000000,
    "costAndExpenses": 35566000000,
    "interestIncome": 613000000,
    "interestExpense": 856000000,
    "depreciationAndAmortization": 1970000000,
    "ebitda": 12417000000,
    "ebitdaratio": 0.2803314219,
    "operatingIncome": 8728000000,
    "operatingIncomeRatio": 0.1970470041,
    "totalOtherIncomeExpensesNet": -635000000,
    "incomeBeforeTax": 9605000000,
    "incomeBeforeTaxRatio": 0.2168465255,
    "incomeTaxExpense": 2239000000,
    "netIncome": 7351000000,
    "netIncomeRatio": 0.1659592721,
    "eps": 1.69,
    "epsdiluted": 1.67,
    "weightedAverageShsOut": 4352000000,
    "weightedAverageShsOutDil": 4405000000,
    "link": "https://www.sec.gov/Archives/edgar/data/21344/000002134416000050/0000021344-16-000050-index.htm",
    "finalLink": "https://www.sec.gov/Archives/edgar/data/21344/000002134416000050/a2015123110-k.htm"
  }
]