[
  {
    "date": "2024-12-31",
    "symbol": "KO",
    "reportedCurrency": "USD",
    "cik": "0000021344",
    "fillingDate": "2025-02-20",
    "acceptedDate": "2025-02-20 15:17:12",
    "calendarYear": "2024",
    "period": "Q4",
    "revenue": 11544000000,
    "costOfRevenue": 4613000000,
    "grossProfit": 6931000000,
    "grossProfitRatio": 0.6003984754,
    "researchAndDevelopmentExpenses": 0,
    "generalAndAdministrativeExpenses": 79000000,
    "sellingAndMarketingExpenses": 1901000000,
    "sellingGeneralAndAdministrativeExpenses": 1980000000,
    "otherExpenses": 2242000000,
    "operatingExpenses": 4222000000,
    "costAndExpenses": 8835000000,
    "interestIncome": 204000000,
    "interestExpense": 431000000,
    "depreciationAndAmortization": 276000000,
    "ebitda": 3513000000,
    "ebitdaratio": 0.3043139293,
    "operatingIncome": 2709000000,
    "operatingIncomeRatio": 0.2346673597,
    "totalOtherIncomeExpensesNet": 97000000,
    "incomeBeforeTax": 2806000000,
    "incomeBeforeTaxRatio": 0.2430699931,
    "incomeTaxExpense": 611000000,
    "netIncome": 2195000000,
    "netIncomeRatio": 0.1901420651,
    "eps": 0.51,
    "epsdiluted": 0.51,
    "weightedAverageShsOut": 4306000000,
    "weightedAverageShsOutDil": 4317000000,
    "link": "https://www.sec.gov/Archives/edgar/data/21344/000002134425000011/0000021344-25-000011-index.htm",
    "finalLink": "https://www.sec.gov/Archives/edgar/data/21344/000002134425000011/ko-20241231.htm"
  },
  {
    "date": "2024-09-27",
    "symbol": "KO",
    "reportedCurrency": "USD",
    "cik": "0000021344",
    "fillingDate": "2024-10-24",
    "acceptedDate": "2024-10-24 11:55:23",
    "calendarYear": "2024",
    "period": "Q3",
    "revenue": 11854000000,
    "costOfRevenue": 4664000000,
    "grossProfit": 7190000000,
    "grossProfitRatio": 0.6065463135,
    "researchAndDevelopmentExpenses": 0,
    "generalAndAdministrativeExpenses": 67000000,
    "sellingAndMarketingExpenses": 1979000000,
    "sellingGeneralAndAdministrativeExpenses": 2046000000,
    "otherExpenses": 2634000000,
    "operatingExpenses": 4661000000,
    "costAndExpenses": 9272000000,
    "interestIncome": 263000000,
    "interestExpense": 425000000,
    "depreciationAndAmortization": 268000000,
    "ebitda": 4070000000,
    "ebitdaratio": 0.3433440189,
    "operatingIncome": 2510000000,
    "operatingIncomeRatio": 0.2117428716,
    "totalOtherIncomeExpensesNet": 870000000,
    "incomeBeforeTax": 3380000000,
    "incomeBeforeTaxRatio": 0.2851358191,
    "incomeTaxExpense": 530000000,
    "netIncome": 2848000000,
    "netIncomeRatio": 0.2402564535,
    "eps": 0.66,
    "epsdiluted": 0.66,
    "weightedAverageShsOut": 4311000000,
    "weightedAverageShsOutDil": 4323000000,
    "link": "https://www.sec.gov/Archives/edgar/data/21344/000002134424000060/0000021344-24-000060-index.htm",
    "finalLink": "https://www.sec.gov/Archives/edgar/data/21344/000002134424000060/ko-20240927.htm"
  },
  {
    "date": "2024-06-28",
    "symbol": "KO",
    "reportedCurrency": "USD",
    "cik": "0000021344",
    "fillingDate": "2024-07-29",
    "acceptedDate": "2024-07-29 15:54:36",
    "calendarYear": "2024",
    "period": "Q2",
    "revenue": 12363000000,
    "costOfRevenue": 4812000000,
    "grossProfit": 7551000000,
    "grossProfitRatio": 0.610774084,
    "researchAndDevelopmentExpenses": 0,
    "generalAndAdministrativeExpenses": 2149000000,
    "sellingAndMarketingExpenses": 1400000000,
    "sellingGeneralAndAdministrativeExpenses": 3549000000,
    "otherExpenses": -1370000000,
    "operatingExpenses": 4919000000,
    "costAndExpenses": 9731000000,
    "interestIncome": 275000000,
    "interestExpense": 418000000,
    "depreciationAndAmortization": 269000000,
    "ebitda": 3715000000,
    "ebitdaratio": 0.3004934077,
    "operatingIncome": 2632000000,
    "operatingIncomeRatio": 0.2128933107,
    "totalOtherIncomeExpensesNet": 396000000,
    "incomeBeforeTax": 3028000000,
    "incomeBeforeTaxRatio": 0.2449243711,
    "incomeTaxExpense": 617000000,
    "netIncome": 2411000000,
    "netIncomeRatio": 0.1950173906,
    "eps": 0.56,
    "epsdiluted": 0.56,
    "weightedAverageShsOut": 4309000000,
    "weightedAverageShsOutDil": 4319000000,
    "link": "https://www.sec.gov/Archives/edgar/data/21344/000002134424000044/0000021344-24-000044-index.htm",
    "finalLink": "https://www.sec.gov/Archives/edgar/data/21344/000002134424000044/ko-20240628.htm"
  },
  {
    "date": "2024-03-29",
    "symbol": "KO",
    "reportedCurrency": "USD",
    "cik": "0000021344",
    "fillingDate": "2024-05-30",
    "acceptedDate": "2024-05-30 15:00:07",
    "calendarYear": "2024",
    "period": "Q1",
    "revenue": 11300000000,
    "costOfRevenue": 4235000000,
    "grossProfit": 7065000000,
    "grossProfitRatio": 0.6252212389,
    "researchAndDevelopmentExpenses": 0,
    "generalAndAdministrativeExpenses": 68000000,
    "sellingAndMarketingExpenses": 1782000000,
    "sellingGeneralAndAdministrativeExpenses": 3351000000,
    "otherExpenses": -1573000000,
    "operatingExpenses": 4924000000,
    "costAndExpenses": 9159000000,
    "interestIncome": 246000000,
    "interestExpense": 382000000,
    "depreciationAndAmortization": 262000000,
    "ebitda": 4517000000,
    "ebitdaratio": 0.3997345133,
    "operatingIncome": 2141000000,
    "operatingIncomeRatio": 0.1894690265,
    "totalOtherIncomeExpensesNet": 1731000000,
    "incomeBeforeTax": 3872000000,
    "incomeBeforeTaxRatio": 0.3426548673,
    "incomeTaxExpense": 687000000,
    "netIncome": 3177000000,
    "netIncomeRatio": 0.2811504425,
    "eps": 0.74,
    "epsdiluted": 0.74,
    "weightedAverageShsOut": 4310000000,
    "weightedAverageShsOutDil": 4322000000,
    "link": "https://www.sec.gov/Archives/edgar/data/21344/000002134424000019/0000021344-24-000019-index.htm",
    "finalLink": "https://www.sec.gov/Archives/edgar/data/21344/000002134424000019/ko-20240329.htm"
  },
  {
    "date": "2023-12-31",
    "symbol": "KO",
    "reportedCurrency": "USD",
    "cik": "0000021344",
    "fillingDate": "2024-02-20",
    "acceptedDate": "2024-02-20 13:21:24",
    "calendarYear": "2023",
    "period": "Q4",
    "revenue": 10849000000,
    "costOfRevenue": 4634000000,
    "grossProfit": 6215000000,
    "grossProfitRatio": 0.5728638584,
    "researchAndDevelopmentExpenses": 0,
    "generalAndAdministrativeExpenses": 144000000,
    "sellingAndMarketingExpenses": 1769000000,
    "sellingGeneralAndAdministrativeExpenses": 3799000000,
    "otherExpenses": -143000000,
    "operatingExpenses": 3799000000,
    "costAndExpenses": 8433000000,
    "interestIncome": 267000000,
    "interestExpense": 413000000,
    "depreciationAndAmortization": 271000000,
    "ebitda": 3156000000,
    "ebitdaratio": 0.2909023873,
    "operatingIncome": 2273000000,
    "operatingIncomeRatio": 0.2095123975,
    "totalOtherIncomeExpensesNet": 209000000,
    "incomeBeforeTax": 2482000000,
    "incomeBeforeTaxRatio": 0.2287768458,
    "incomeTaxExpense": 509000000,
    "netIncome": 1973000000,
    "netIncomeRatio": 0.1818600793,
    "eps": 0.46,
    "epsdiluted": 0.46,
    "weightedAverageShsOut": 4317000000,
    "weightedAverageShsOutDil": 4330000000,
    "link": "https://www.sec.gov/Archives/edgar/data/21344/000002134424000009/0000021344-24-000009-index.htm",
    "finalLink": "https://www.sec.gov/Archives/edgar/data/21344/000002134424000009/ko-20231231.htm"
  },
  {
    "date": "2023-09-29",
    "symbol": "KO",
    "reportedCurrency": "USD",
    "cik": "0000021344",
    "fillingDate": "2023-10-24",
    "acceptedDate": "2023-10-24 14:46:01",
    "calendarYear": "2023",
    "period": "Q3",
    "revenue": 11953000000,
    "costOfRevenue": 4657000000,
    "grossProfit": 7296000000,
    "grossProfitRatio": 0.6103906969,
    "researchAndDevelopmentExpenses": 0,
    "generalAndAdministrativeExpenses": 57000000,
    "sellingAndMarketingExpenses": 2220000000,
    "sellingGeneralAndAdministrativeExpenses": 3667000000,
    "otherExpenses": -489000000,
    "operatingExpenses": 3667000000,
    "costAndExpenses": 8324000000,
    "interestIncome": 248000000,
    "interestExpense": 368000000,
    "depreciationAndAmortization": 290000000,
    "ebitda": 4128000000,
    "ebitdaratio": 0.3453526311,
    "operatingIncome": 3270000000,
    "operatingIncomeRatio": 0.2735714883,
    "totalOtherIncomeExpensesNet": 267000000,
    "incomeBeforeTax": 3537000000,
    "incomeBeforeTaxRatio": 0.2959089768,
    "incomeTaxExpense": 454000000,
    "netIncome": 3087000000,
    "netIncomeRatio": 0.2582615243,
    "eps": 0.71,
    "epsdiluted": 0.71,
    "weightedAverageShsOut": 4324000000,
    "weightedAverageShsOutDil": 4339000000,
    "link": "https://www.sec.gov/Archives/edgar/data/21344/000002134423000060/0000021344-23-000060-index.htm",
    "finalLink": "https://www.sec.gov/Archives/edgar/data/21344/000002134423000060/ko-20230929.htm"
  },
  {
    "date": "2023-06-30",
    "symbol": "KO",
    "reportedCurrency": "USD",
    "cik": "0000021344",
    "fillingDate": "2023-07-27",
    "acceptedDate": "2023-07-27 11:49:13",
    "calendarYear": "2023",
    "period": "Q2",
    "revenue": 11972000000,
    "costOfRevenue": 4912000000,
    "grossProfit": 7060000000,
    "grossProfitRatio": 0.5897093218,
    "researchAndDevelopmentExpenses": 0,
    "generalAndAdministrativeExpenses": 62000000,
    "sellingAndMarketingExpenses": 1901000000,
    "sellingGeneralAndAdministrativeExpenses": 3321000000,
    "otherExpenses": 1338000000,
    "operatingExpenses": 4659000000,
    "costAndExpenses": 9571000000,
    "interestIncome": 224000000,
    "interestExpense": 374000000,
    "depreciationAndAmortization": 281000000,
    "ebitda": 3564000000,
    "ebitdaratio": 0.2976946208,
    "operatingIncome": 2401000000,
    "operatingIncomeRatio": 0.2005512863,
    "totalOtherIncomeExpensesNet": 479000000,
    "incomeBeforeTax": 2880000000,
    "incomeBeforeTaxRatio": 0.2405613097,
    "incomeTaxExpense": 333000000,
    "netIncome": 2547000000,
    "netIncomeRatio": 0.2127464083,
    "eps": 0.59,
    "epsdiluted": 0.59,
    "weightedAverageShsOut": 4325000000,
    "weightedAverageShsOutDil": 4341000000,
    "link": "https://www.sec.gov/Archives/edgar/data/21344/000002134423000048/0000021344-23-000048-index.htm",
    "finalLink": "https://www.sec.gov/Archives/edgar/data/21344/000002134423000048/ko-20230630.htm"
  },
  {
    "date": "2023-03-31",
    "symbol": "KO",
    "reportedCurrency": "USD",
    "cik": "0000021344",
    "fillingDate": "2023-04-26",
    "acceptedDate": "2023-04-26 15:21:27",
    "calendarYear": "2023",
    "period": "Q1",
    "revenue": 10980000000,
    "costOfRevenue": 4317000000,
    "grossProfit": 6663000000,
    "grossProfitRatio": 0.6068306011,
    "researchAndDevelopmentExpenses": 0,
    "generalAndAdministrativeExpenses": 58000000,
    "sellingAndMarketingExpenses": 1719000000,
    "sellingGeneralAndAdministrativeExpenses": 3185000000,
    "otherExpenses": 615000000,
    "operatingExpenses": 3800000000,
    "costAndExpenses": 8117000000,
    "interestIncome": 168000000,
    "interestExpense": 372000000,
    "depreciationAndAmortization": 286000000,
    "ebitda": 4697000000,
    "ebitdaratio": 0.4277777778,
    "operatingIncome": 3367000000,
    "operatingIncomeRatio": 0.3066484517,
    "totalOtherIncomeExpensesNet": 686000000,
    "incomeBeforeTax": 4053000000,
    "incomeBeforeTaxRatio": 0.3691256831,
    "incomeTaxExpense": 940000000,
    "netIncome": 3107000000,
    "netIncomeRatio": 0.2829690346,
    "eps": 0.72,
    "epsdiluted": 0.72,
    "weightedAverageShsOut": 4326000000,
    "weightedAverageShsOutDil": 4345000000,
    "link": "https://www.sec.gov/Archives/edgar/data/21344/000002134423000024/0000021344-23-000024-index.htm",
    "finalLink": "https://www.sec.gov/Archives/edgar/data/21344/000002134423000024/ko-20230331.htm"
  },
  {
    "date": "2022-12-31",
    "symbol": "KO",
    "reportedCurrency": "USD",
    "cik": "0000021344",
    "fillingDate": "2023-02-21",
    "acceptedDate": "2023-02-21 16:03:20",
    "calendarYear": "2022",
    "period": "Q4",
    "revenue": 10125000000,
    "costOfRevenue": 4513000000,
    "grossProfit": 5612000000,
    "grossProfitRatio": 0.5542716049,
    "researchAndDevelopmentExpenses": 0,
    "generalAndAdministrativeExpenses": 83000000,
    "sellingAndMarketingExpenses": 1584000000,
    "sellingGeneralAndAdministrativeExpenses": 3431000000,
    "otherExpenses": 106000000,
    "operatingExpenses": 3537000000,
    "costAndExpenses": 8050000000,
    "interestIncome": 143000000,
    "interestExpense": 304000000,
    "depreciationAndAmortization": 307000000,
    "ebitda": 3089000000,
    "ebitdaratio": 0.3050864198,
    "operatingIncome": 2075000000,
    "operatingIncomeRatio": 0.2049382716,
    "totalOtherIncomeExpensesNet": 425000000,
    "incomeBeforeTax": 2500000000,
    "incomeBeforeTaxRatio": 0.2469135802,
    "incomeTaxExpense": 444000000,
    "netIncome": 2031000000,
    "netIncomeRatio": 0.2005925926,
    "eps": 0.47,
    "epsdiluted": 0.47,
    "weightedAverageShsOut": 4326000000,
    "weightedAverageShsOutDil": 4347000000,
    "link": "https://www.sec.gov/Archives/edgar/data/21344/000002134423000011/0000021344-23-000011-index.htm",
    "finalLink": "https://www.sec.gov/Archives/edgar/data/21344/000002134423000011/ko-20221231.htm"
  },
  {
    "date": "2022-09-30",
    "symbol": "KO",
    "reportedCurrency": "USD",
    "cik": "0000021344",
    "fillingDate": "2022-10-26",
    "acceptedDate": "2022-10-26 12:06:35",
    "calendarYear": "2022",
    "period": "Q3",
    "revenue": 11063000000,
    "costOfRevenue": 4566000000,
    "grossProfit": 6497000000,
    "grossProfitRatio": 0.5872728916,
    "researchAndDevelopmentExpenses": 0,
    "generalAndAdministrativeExpenses": 84000000,
    "sellingAndMarketingExpenses": 2014000000,
    "sellingGeneralAndAdministrativeExpenses": 3279000000,
    "otherExpenses": 130000000,
    "operatingExpenses": 3409000000,
    "costAndExpenses": 7975000000,
    "interestIncome": 128000000,
    "interestExpense": 198000000,
    "depreciationAndAmortization": 307000000,
    "ebitda": 3967000000,
    "ebitdaratio": 0.3585826629,
    "operatingIncome": 3088000000,
    "operatingIncomeRatio": 0.279128627,
    "totalOtherIncomeExpensesNet": 356000000,
    "incomeBeforeTax": 3444000000,
    "incomeBeforeTaxRatio": 0.3113079635,
    "incomeTaxExpense": 622000000,
    "netIncome": 2825000000,
    "netIncomeRatio": 0.2553556901,
    "eps": 0.65,
    "epsdiluted": 0.65,
    "weightedAverageShsOut": 4325000000,
    "weightedAverageShsOutDil": 4346000000,
    "link": "https://www.sec.gov/Archives/edgar/data/21344/000002134422000042/0000021344-22-000042-index.htm",
    "finalLink": "https://www.sec.gov/Archives/edgar/data/21344/000002134422000042/ko-20220930.htm"
  },
  {
    "date": "2022-07-01",
    "symbol": "KO",
    "reportedCurrency": "USD",
    "cik": "0000021344",
    "fillingDate": "2022-07-27",
    "acceptedDate": "2022-07-27 11:45:45",
    "calendarYear": "2022",
    "period": "Q2",
    "revenue": 11355000000,
    "costOfRevenue": 4683000000,
    "grossProfit": 6672000000,
    "grossProfitRatio": 0.5875825627,
    "researchAndDevelopmentExpenses": 0,
    "generalAndAdministrativeExpenses": 102000000,
    "sellingAndMarketingExpenses": 1853000000,
    "sellingGeneralAndAdministrativeExpenses": 3185000000,
    "otherExpenses": -1888000000,
    "operatingExpenses": 5073000000,
    "costAndExpenses": 9756000000,
    "interestIncome": 100000000,
    "interestExpense": 198000000,
    "depreciationAndAmortization": 322000000,
    "ebitda": 2775000000,
    "ebitdaratio": 0.2443857332,
    "operatingIncome": 1599000000,
    "operatingIncomeRatio": 0.1408190225,
    "totalOtherIncomeExpensesNet": -57000000,
    "incomeBeforeTax": 2284000000,
    "incomeBeforeTaxRatio": 0.2011448701,
    "incomeTaxExpense": 384000000,
    "netIncome": 1905000000,
    "netIncomeRatio": 0.1677675033,
    "eps": 0.44,
    "epsdiluted": 0.44,
    "weightedAverageShsOut": 4331000000,
    "weightedAverageShsOutDil": 4353000000,
    "link": "https://www.sec.gov/Archives/edgar/data/21344/000002134422000034/0000021344-22-000034-index.htm",
    "finalLink": "https://www.sec.gov/Archives/edgar/data/21344/000002134422000034/ko-20220701.htm"
  },
  {
    "date": "2022-04-01",
    "symbol": "KO",
    "reportedCurrency": "USD",
    "cik": "0000021344",
    "fillingDate": "2022-04-28",
    "acceptedDate": "2022-04-28 10:24:51",
    "calendarYear": "2022",
    "period": "Q1",
    "revenue": 10491000000,
    "costOfRevenue": 4091000000,
    "grossProfit": 6400000000,
    "grossProfitRatio": 0.6100467067,
    "researchAndDevelopmentExpenses": 0,
    "generalAndAdministrativeExpenses": 87000000,
    "sellingAndMarketingExpenses": 1635000000,
    "sellingGeneralAndAdministrativeExpenses": 2967000000,
    "otherExpenses": 28000000,
    "operatingExpenses": 2995000000,
    "costAndExpenses": 7086000000,
    "interestIncome": 78000000,
    "interestExpense": 182000000,
    "depreciationAndAmortization": 324000000,
    "ebitda": 3961000000,
    "ebitdaratio": 0.3775617196,
    "operatingIncome": 3405000000,
    "operatingIncomeRatio": 0.3245639119,
    "totalOtherIncomeExpensesNet": 53000000,
    "incomeBeforeTax": 3458000000,
    "incomeBeforeTaxRatio": 0.3296158612,
    "incomeTaxExpense": 665000000,
    "netIncome": 2781000000,
    "netIncomeRatio": 0.265084358,
    "eps": 0.64,
    "epsdiluted": 0.64,
    "weightedAverageShsOut": 4332000000,
    "weightedAverageShsOutDil": 4357000000,
    "link": "https://www.sec.gov/Archives/edgar/data/21344/000002134422000016/0000021344-22-000016-index.htm",
    "finalLink": "https://www.sec.gov/Archives/edgar/data/21344/000002134422000016/ko-20220401.htm"
  },
  {
    "date": "2021-12-31",
    "symbol": "KO",
    "reportedCurrency": "USD",
    "cik": "0000021344",
    "fillingDate": "2022-02-22",
    "acceptedDate": "2022-02-22 15:45:48",
    "calendarYear": "2021",
    "period": "Q4",
    "revenue": 9464000000,
    "costOfRevenue": 4088000000,
    "grossProfit": 5376000000,
    "grossProfitRatio": 0.5680473373,
    "researchAndDevelopmentExpenses": 0,
    "generalAndAdministrativeExpenses": 101000000,
    "sellingAndMarketingExpenses": 1640000000,
    "sellingGeneralAndAdministrativeExpenses": 3336000000,
    "otherExpenses": 1080000000,
    "operatingExpenses": 3704000000,
    "costAndExpenses": 7792000000,
    "interestIncome": 71000000,
    "interestExpense": 165000000,
    "depreciationAndAmortization": 1452000000,
    "ebitda": 4487000000,
    "ebitdaratio": 0.474112426,
    "operatingIncome": 1672000000,
    "operatingIncomeRatio": 0.1766694844,
    "totalOtherIncomeExpensesNet": 1288000000,
    "incomeBeforeTax": 2960000000,
    "incomeBeforeTaxRatio": 0.3127641589,
    "incomeTaxExpense": 510000000,
    "netIncome": 2414000000,
    "netIncomeRatio": 0.2550718512,
    "eps": 0.56,
    "epsdiluted": 0.56,
    "weightedAverageShsOut": 4321000000,
    "weightedAverageShsOutDil": 4347000000,
    "link": "https://www.sec.gov/Archives/edgar/data/21344/000002134422000009/0000021344-22-000009-index.htm",
    "finalLink": "https://www.sec.gov/Archives/edgar/data/21344/000002134422000009/ko-20211231.htm"
  },
  {
    "date": "2021-10-01",
    "symbol": "KO",
    "reportedCurrency": "USD",
    "cik": "0000021344",
    "fillingDate": "2021-10-28",
    "acceptedDate": "2021-10-28 14:29:54",
    "calendarYear": "2021",
    "period": "Q3",
    "revenue": 10042000000,
    "costOfRevenue": 3977000000,
    "grossProfit": 6065000000,
    "grossProfitRatio": 0.6039633539,
    "researchAndDevelopmentExpenses": 0,
    "generalAndAdministrativeExpenses": 88000000,
    "sellingAndMarketingExpenses": 1779000000,
    "sellingGeneralAndAdministrativeExpenses": 3122000000,
    "otherExpenses": -127000000,
    "operatingExpenses": 3167000000,
    "costAndExpenses": 7144000000,
    "interestIncome": 68000000,
    "interestExpense": 210000000,
    "depreciationAndAmortization": 362000000,
    "ebitda": 3654000000,
    "ebitdaratio": 0.3638717387,
    "operatingIncome": 2898000000,
    "operatingIncomeRatio": 0.2885879307,
    "totalOtherIncomeExpensesNet": 186000000,
    "incomeBeforeTax": 3084000000,
    "incomeBeforeTaxRatio": 0.3071101374,
    "incomeTaxExpense": 609000000,
    "netIncome": 2471000000,
    "netIncomeRatio": 0.2460665206,
    "eps": 0.57,
    "epsdiluted": 0.57,
    "weightedAverageShsOut": 4318000000,
    "weightedAverageShsOutDil": 4344000000,
    "link": "https://www.sec.gov/Archives/edgar/data/21344/000002134421000030/0000021344-21-000030-index.htm",
    "finalLink": "https://www.sec.gov/Archives/edgar/data/21344/000002134421000030/ko-20211001.htm"
  },
  {
    "date": "2021-07-02",
    "symbol": "KO",
    "reportedCurrency": "USD",
    "cik": "0000021344",
    "fillingDate": "2021-07-26",
    "acceptedDate": "2021-07-26 16:38:06",
    "calendarYear": "2021",
    "period": "Q2",
    "revenue": 10129000000,
    "costOfRevenue": 3787000000,
    "grossProfit": 6342000000,
    "grossProfitRatio": 0.6261230131,
    "researchAndDevelopmentExpenses": 0,
    "generalAndAdministrativeExpenses": 90000000,
    "sellingAndMarketingExpenses": 1734000000,
    "sellingGeneralAndAdministrativeExpenses": 3017000000,
    "otherExpenses": 909000000,
    "operatingExpenses": 3326000000,
    "costAndExpenses": 7113000000,
    "interestIncome": 71000000,
    "interestExpense": 780000000,
    "depreciationAndAmortization": 383000000,
    "ebitda": 4096000000,
    "ebitdaratio": 0.4043834535,
    "operatingIncome": 3016000000,
    "operatingIncomeRatio": 0.2977589101,
    "totalOtherIncomeExpensesNet": 602000000,
    "incomeBeforeTax": 3618000000,
    "incomeBeforeTaxRatio": 0.3571922204,
    "incomeTaxExpense": 994000000,
    "netIncome": 2641000000,
    "netIncomeRatio": 0.2607364992,
    "eps": 0.61,
    "epsdiluted": 0.61,
    "weightedAverageShsOut": 4313000000,
    "weightedAverageShsOutDil": 4338000000,
    "link": "https://www.sec.gov/Archives/edgar/data/21344/000002134421000024/0000021344-21-000024-index.htm",
    "finalLink": "https://www.sec.gov/Archives/edgar/data/21344/000002134421000024/ko-20210702.htm"
  },
  {
    "date": "2021-04-02",
    "symbol": "KO",
    "reportedCurrency": "USD",
    "cik": "0000021344",
    "fillingDate": "2021-04-27",
    "acceptedDate": "2021-04-27 11:37:51",
    "calendarYear": "2021",
    "period": "Q1",
    "revenue": 9020000000,
    "costOfRevenue": 3505000000,
    "grossProfit": 5515000000,
    "grossProfitRatio": 0.6114190687,
    "researchAndDevelopmentExpenses": 0,
    "generalAndAdministrativeExpenses": 58000000,
    "sellingAndMarketingExpenses": 1519000000,
    "sellingGeneralAndAdministrativeExpenses": 2669000000,
    "otherExpenses": 138000000,
    "operatingExpenses": 2793000000,
    "costAndExpenses": 6298000000,
    "interestIncome": 66000000,
    "interestExpense": 442000000,
    "depreciationAndAmortization": 366000000,
    "ebitda": 3321000000,
    "ebitdaratio": 0.3681818182,
    "operatingIncome": 2722000000,
    "operatingIncomeRatio": 0.3017738359,
    "totalOtherIncomeExpensesNet": 41000000,
    "incomeBeforeTax": 2763000000,
    "incomeBeforeTaxRatio": 0.3063192905,
    "incomeTaxExpense": 508000000,
    "netIncome": 2245000000,
    "netIncomeRatio": 0.2488913525,
    "eps": 0.52,
    "epsdiluted": 0.52,
    "weightedAverageShsOut": 4307000000,
    "weightedAverageShsOutDil": 4330000000,
    "link": "https://www.sec.gov/Archives/edgar/data/21344/000002134421000014/0000021344-21-000014-index.htm",
    "finalLink": "https://www.sec.gov/Archives/edgar/data/21344/000002134421000014/ko-20210402.htm"
  },
  {
    "date": "2020-12-31",
    "symbol": "KO",
    "reportedCurrency": "USD",
    "cik": "0000021344",
    "fillingDate": "2021-02-25",
    "acceptedDate": "2021-02-25 13:47:17",
    "calendarYear": "2020",
    "period": "Q4",
    "revenue": 8611000000,
    "costOfRevenue": 3578000000,
    "grossProfit": 5033000000,
    "grossProfitRatio": 0.5844849611,
    "researchAndDevelopmentExpenses": 0,
    "generalAndAdministrativeExpenses": 38000000,
    "sellingAndMarketingExpenses": 1371000000,
    "sellingGeneralAndAdministrativeExpenses": 2589000000,
    "otherExpenses": 53000000,
    "operatingExpenses": 2695000000,
    "costAndExpenses": 6273000000,
    "interestIncome": 76000000,
    "interestExpense": 310000000,
    "depreciationAndAmortization": 430000000,
    "ebitda": 3078000000,
    "ebitdaratio": 0.3574497735,
    "operatingIncome": 2338000000,
    "operatingIncomeRatio": 0.2715131808,
    "totalOtherIncomeExpensesNet": 23000000,
    "incomeBeforeTax": 2361000000,
    "incomeBeforeTaxRatio": 0.274184183,
    "incomeTaxExpense": 887000000,
    "netIncome": 1456000000,
    "netIncomeRatio": 0.1690860527,
    "eps": 0.34,
    "epsdiluted": 0.34,
    "weightedAverageShsOut": 4300000000,
    "weightedAverageShsOutDil": 4329000000,
    "link": "https://www.sec.gov/Archives/edgar/data/21344/000002134421000008/0000021344-21-000008-index.htm",
    "finalLink": "https://www.sec.gov/Archives/edgar/data/21344/000002134421000008/ko-20201231.htm"
  },
  {
    "date": "2020-09-25",
    "symbol": "KO",
    "reportedCurrency": "USD",
    "cik": "0000021344",
    "fillingDate": "2020-10-22",
    "acceptedDate": "2020-10-22 14:04:36",
    "calendarYear": "2020",
    "period": "Q3",
    "revenue": 8652000000,
    "costOfRevenue": 3471000000,
    "grossProfit": 5181000000,
    "grossProfitRatio": 0.5988210818,
    "researchAndDevelopmentExpenses": 0,
    "generalAndAdministrativeExpenses": 52000000,
    "sellingAndMarketingExpenses": 1505000000,
    "sellingGeneralAndAdministrativeExpenses": 2511000000,
    "otherExpenses": 30000000,
    "operatingExpenses": 2883000000,
    "costAndExpenses": 6354000000,
    "interestIncome": 82000000,
    "interestExpense": 660000000,
    "depreciationAndAmortization": 358000000,
    "ebitda": 3178000000,
    "ebitdaratio": 0.3673139159,
    "operatingIncome": 2298000000,
    "operatingIncomeRatio": 0.2656033287,
    "totalOtherIncomeExpensesNet": -117000000,
    "incomeBeforeTax": 2181000000,
    "incomeBeforeTaxRatio": 0.2520804438,
    "incomeTaxExpense": 441000000,
    "netIncome": 1737000000,
    "netIncomeRatio": 0.2007628294,
    "eps": 0.4,
    "epsdiluted": 0.4,
    "weightedAverageShsOut": 4296000000,
    "weightedAverageShsOutDil": 4321000000,
    "link": "https://www.sec.gov/Archives/edgar/data/21344/000002134420000046/0000021344-20-000046-index.htm",
    "finalLink": "https://www.sec.gov/Archives/edgar/data/21344/000002134420000046/ko-20200925.htm"
  },
  {
    "date": "2020-06-26",
    "symbol": "KO",
    "reportedCurrency": "USD",
    "cik": "0000021344",
    "fillingDate": "2020-07-22",
    "acceptedDate": "2020-07-22 15:41:56",
    "calendarYear": "2020",
    "period": "Q2",
    "revenue": 15751000000,
    "costOfRevenue": 6384000000,
    "grossProfit": 9367000000,
    "grossProfitRatio": 0.5946924005,
    "researchAndDevelopmentExpenses": 0,
    "generalAndAdministrativeExpenses": 41000000,
    "sellingAndMarketingExpenses": 939000000,
    "sellingGeneralAndAdministrativeExpenses": 4631000000,
    "otherExpenses": 758000000,
    "operatingExpenses": 5006000000,
    "costAndExpenses": 11390000000,
    "interestIncome": 212000000,
    "interestExpense": 467000000,
    "depreciationAndAmortization": 381000000,
    "ebitda": 2837000000,
    "ebitdaratio": 0.1801155482,
    "operatingIncome": 4361000000,
    "operatingIncomeRatio": 0.2768713098,
    "totalOtherIncomeExpensesNet": 216000000,
    "incomeBeforeTax": 5207000000,
    "incomeBeforeTaxRatio": 0.3305821853,
    "incomeTaxExpense": 653000000,
    "netIncome": 4554000000,
    "netIncomeRatio": 0.2891245,
    "eps": 1.06,
    "epsdiluted": 1.05,
    "weightedAverageShsOut": 4292000000,
    "weightedAverageShsOutDil": 4321000000,
    "link": "https://www.sec.gov/Archives/edgar/data/21344/000002134420000041/0000021344-20-000041-index.htm",
    "finalLink": "https://www.sec.gov/Archives/edgar/data/21344/000002134420000041/ko-20200626.htm"
  },
  {
    "date": "2020-03-27",
    "symbol": "KO",
    "reportedCurrency": "USD",
    "cik": "0000021344",
    "fillingDate": "2020-04-24",
    "acceptedDate": "2020-04-24 13:58:01",
    "calendarYear": "2020",
    "period": "Q1",
    "revenue": 8601000000,
    "costOfRevenue": 3371000000,
    "grossProfit": 5230000000,
    "grossProfitRatio": 0.6080688292,
    "researchAndDevelopmentExpenses": 0,
    "generalAndAdministrativeExpenses": -5000000,
    "sellingAndMarketingExpenses": 1600000000,
    "sellingGeneralAndAdministrativeExpenses": 2648000000,
    "otherExpenses": 544000000,
    "operatingExpenses": 2850000000,
    "costAndExpenses": 6221000000,
    "interestIncome": 112000000,
    "interestExpense": 193000000,
    "depreciationAndAmortization": 367000000,
    "ebitda": 3566000000,
    "ebitdaratio": 0.4146029531,
    "operatingIncome": 2380000000,
    "operatingIncomeRatio": 0.2767120102,
    "totalOtherIncomeExpensesNet": 630000000,
    "incomeBeforeTax": 3010000000,
    "incomeBeforeTaxRatio": 0.3499593071,
    "incomeTaxExpense": 215000000,
    "netIncome": 2775000000,
    "netIncomeRatio": 0.3226369027,
    "eps": 0.65,
    "epsdiluted": 0.64,
    "weightedAverageShsOut": 4289000000,
    "weightedAverageShsOutDil": 4325000000,
    "link": "https://www.sec.gov/Archives/edgar/data/21344/000002134420000014/0000021344-20-000014-index.htm",
    "finalLink": "https://www.sec.gov/Archives/edgar/data/21344/000002134420000014/a2020032710-q.htm"
  }
]