[
  {
    "date": "2024-12-31",
    "symbol": "TXN",
    "reportedCurrency": "USD",
    "cik": "0000097476",
    "fillingDate": "2025-02-14",
    "acceptedDate": "2025-02-14 14:33:58",
    "calendarYear": "2024",
    "period": "Q4",
    "revenue": 4007000000,
    "costOfRevenue": 1693000000,
    "grossProfit": 2314000000,
    "grossProfitRatio": 0.5774893936,
    "researchAndDevelopmentExpenses": 491000000,
    "generalAndAdministrativeExpenses": 0,
    "sellingAndMarketingExpenses": 0,
    "sellingGeneralAndAdministrativeExpenses": 446000000,
    "otherExpenses": 0,
    "operatingExpenses": 937000000,
    "costAndExpenses": 2630000000,
    "interestIncome": 0,
    "interestExpense": 130000000,
    "depreciationAndAmortization": 435000000,
    "ebitda": 1924000000,
    "ebitdaratio": 0.4801597205,
    "operatingIncome": 1377000000,
    "operatingIncomeRatio": 0.3436486149,
    "totalOtherIncomeExpensesNet": -18000000,
    "incomeBeforeTax": 1359000000,
    "incomeBeforeTaxRatio": 0.3391564762,
    "incomeTaxExpense": 154000000,
    "netIncome": 1205000000,
    "netIncomeRatio": 0.3007237335,
    "eps": 1.32,
    "epsdiluted": 1.3,
    "weightedAverageShsOut": 912000000,
    "weightedAverageShsOutDil": 919000000,
    "link": "https://www.sec.gov/Archives/edgar/data/97476/000009747625000007/0000097476-25-000007-index.htm",
    "finalLink": "https://www.sec.gov/Archives/edgar/data/97476/000009747625000007/txn-20241231.htm"
  },
  {
    "date": "2024-09-30",
    "symbol": "TXN",
    "reportedCurrency": "USD",
    "cik": "0000097476",
    "fillingDate": "2024-10-23",
    "acceptedDate": "2024-10-23 09:31:24",
    "calendarYear": "2024",
    "period": "Q3",
    "revenue": 4151000000,
    "costOfRevenue": 1677000000,
    "grossProfit": 2474000000,
    "grossProfitRatio": 0.5960009636,
    "researchAndDevelopmentExpenses": 492000000,
    "generalAndAdministrativeExpenses": 0,
    "sellingAndMarketingExpenses": 0,
    "sellingGeneralAndAdministrativeExpenses": 428000000,
    "otherExpenses": 0,
    "operatingExpenses": 920000000,
    "costAndExpenses": 2597000000,
    "interestIncome": 0,
    "interestExpense": 131000000,
    "depreciationAndAmortization": 402000000,
    "ebitda": 2087000000,
    "ebitdaratio": 0.5027704168,
    "operatingIncome": 1554000000,
    "operatingIncomeRatio": 0.3743676223,
    "totalOtherIncomeExpensesNet": 0,
    "incomeBeforeTax": 1554000000,
    "incomeBeforeTaxRatio": 0.3743676223,
    "incomeTaxExpense": 192000000,
    "netIncome": 1362000000,
    "netIncomeRatio": 0.3281137075,
    "eps": 1.48,
    "epsdiluted": 1.47,
    "weightedAverageShsOut": 913000000,
    "weightedAverageShsOutDil": 920000000,
    "link": "https://www.sec.gov/Archives/edgar/data/97476/000009747624000042/0000097476-24-000042-index.htm",
    "finalLink": "https://www.sec.gov/Archives/edgar/data/97476/000009747624000042/txn-20240930.htm"
  },
  {
    "date": "2024-06-30",
    "symbol": "TXN",
    "reportedCurrency": "USD",
    "cik": "0000097476",
    "fillingDate": "2024-07-24",
    "acceptedDate": "2024-07-24 09:29:32",
    "calendarYear": "2024",
    "period": "Q2",
    "revenue": 3822000000,
    "costOfRevenue": 1611000000,
    "grossProfit": 2211000000,
    "grossProfitRatio": 0.5784929356,
    "researchAndDevelopmentExpenses": 498000000,
    "generalAndAdministrativeExpenses": 0,
    "sellingAndMarketingExpenses": 0,
    "sellingGeneralAndAdministrativeExpenses": 465000000,
    "otherExpenses": 130000000,
    "operatingExpenses": 963000000,
    "costAndExpenses": 2574000000,
    "interestIncome": 0,
    "interestExpense": 131000000,
    "depreciationAndAmortization": 381000000,
    "ebitda": 1759000000,
    "ebitdaratio": 0.4602302459,
    "operatingIncome": 1248000000,
    "operatingIncomeRatio": 0.3265306122,
    "totalOtherIncomeExpensesNet": -1000000,
    "incomeBeforeTax": 1247000000,
    "incomeBeforeTaxRatio": 0.3262689691,
    "incomeTaxExpense": 120000000,
    "netIncome": 1127000000,
    "netIncomeRatio": 0.2948717949,
    "eps": 1.23,
    "epsdiluted": 1.22,
    "weightedAverageShsOut": 912000000,
    "weightedAverageShsOutDil": 919000000,
    "link": "https://www.sec.gov/Archives/edgar/data/97476/000009747624000030/0000097476-24-000030-index.htm",
    "finalLink": "https://www.sec.gov/Archives/edgar/data/97476/000009747624000030/txn-20240630.htm"
  },
  {
    "date": "2024-03-31",
    "symbol": "TXN",
    "reportedCurrency": "USD",
    "cik": "0000097476",
    "fillingDate": "2024-04-24",
    "acceptedDate": "2024-04-24 09:32:18",
    "calendarYear": "2024",
    "period": "Q1",
    "revenue": 3661000000,
    "costOfRevenue": 1566000000,
    "grossProfit": 2095000000,
    "grossProfitRatio": 0.5722480197,
    "researchAndDevelopmentExpenses": 478000000,
    "generalAndAdministrativeExpenses": 0,
    "sellingAndMarketingExpenses": 0,
    "sellingGeneralAndAdministrativeExpenses": 455000000,
    "otherExpenses": 123000000,
    "operatingExpenses": 933000000,
    "costAndExpenses": 2499000000,
    "interestIncome": 0,
    "interestExpense": 116000000,
    "depreciationAndAmortization": 362000000,
    "ebitda": 1771000000,
    "ebitdaratio": 0.4837476099,
    "operatingIncome": 1162000000,
    "operatingIncomeRatio": 0.3173996176,
    "totalOtherIncomeExpensesNet": 7000000,
    "incomeBeforeTax": 1293000000,
    "incomeBeforeTaxRatio": 0.3531821907,
    "incomeTaxExpense": 188000000,
    "netIncome": 1105000000,
    "netIncomeRatio": 0.3018301011,
    "eps": 1.21,
    "epsdiluted": 1.2,
    "weightedAverageShsOut": 910000000,
    "weightedAverageShsOutDil": 917000000,
    "link": "https://www.sec.gov/Archives/edgar/data/97476/000009747624000021/0000097476-24-000021-index.htm",
    "finalLink": "https://www.sec.gov/Archives/edgar/data/97476/000009747624000021/txn-20240331.htm"
  },
  {
    "date": "2023-12-31",
    "symbol": "TXN",
    "reportedCurrency": "USD",
    "cik": "0000097476",
    "fillingDate": "2024-02-02",
    "acceptedDate": "2024-02-02 11:11:54",
    "calendarYear": "2023",
    "period": "Q4",
    "revenue": 4077000000,
    "costOfRevenue": 1646000000,
    "grossProfit": 2431000000,
    "grossProfitRatio": 0.5962717685,
    "researchAndDevelopmentExpenses": 460000000,
    "generalAndAdministrativeExpenses": 0,
    "sellingAndMarketingExpenses": 0,
    "sellingGeneralAndAdministrativeExpenses": 438000000,
    "otherExpenses": 113000000,
    "operatingExpenses": 898000000,
    "costAndExpenses": 2544000000,
    "interestIncome": 0,
    "interestExpense": 98000000,
    "depreciationAndAmortization": 337000000,
    "ebitda": 1983000000,
    "ebitdaratio": 0.4863870493,
    "operatingIncome": 1533000000,
    "operatingIncomeRatio": 0.3760117734,
    "totalOtherIncomeExpensesNet": 15000000,
    "incomeBeforeTax": 1548000000,
    "incomeBeforeTaxRatio": 0.3796909492,
    "incomeTaxExpense": 177000000,
    "netIncome": 1371000000,
    "netIncomeRatio": 0.336276674,
    "eps": 1.5,
    "epsdiluted": 1.49,
    "weightedAverageShsOut": 908000000,
    "weightedAverageShsOutDil": 915000000,
    "link": "https://www.sec.gov/Archives/edgar/data/97476/000009747624000007/0000097476-24-000007-index.htm",
    "finalLink": "https://www.sec.gov/Archives/edgar/data/97476/000009747624000007/txn-20231231.htm"
  },
  {
    "date": "2023-09-30",
    "symbol": "TXN",
    "reportedCurrency": "USD",
    "cik": "0000097476",
    "fillingDate": "2023-10-25",
    "acceptedDate": "2023-10-25 09:30:37",
    "calendarYear": "2023",
    "period": "Q3",
    "revenue": 4532000000,
    "costOfRevenue": 1717000000,
    "grossProfit": 2815000000,
    "grossProfitRatio": 0.6211385702,
    "researchAndDevelopmentExpenses": 471000000,
    "generalAndAdministrativeExpenses": 0,
    "sellingAndMarketingExpenses": 0,
    "sellingGeneralAndAdministrativeExpenses": 452000000,
    "otherExpenses": 128000000,
    "operatingExpenses": 923000000,
    "costAndExpenses": 2640000000,
    "interestIncome": 0,
    "interestExpense": 98000000,
    "depreciationAndAmortization": 320000000,
    "ebitda": 2340000000,
    "ebitdaratio": 0.5163283319,
    "operatingIncome": 1892000000,
    "operatingIncomeRatio": 0.4174757282,
    "totalOtherIncomeExpensesNet": 30000000,
    "incomeBeforeTax": 1922000000,
    "incomeBeforeTaxRatio": 0.4240953222,
    "incomeTaxExpense": 213000000,
    "netIncome": 1709000000,
    "netIncomeRatio": 0.3770962048,
    "eps": 1.87,
    "epsdiluted": 1.85,
    "weightedAverageShsOut": 908000000,
    "weightedAverageShsOutDil": 916000000,
    "link": "https://www.sec.gov/Archives/edgar/data/97476/000009747623000041/0000097476-23-000041-index.htm",
    "finalLink": "https://www.sec.gov/Archives/edgar/data/97476/000009747623000041/txn-20230930.htm"
  },
  {
    "date": "2023-06-30",
    "symbol": "TXN",
    "reportedCurrency": "USD",
    "cik": "0000097476",
    "fillingDate": "2023-07-26",
    "acceptedDate": "2023-07-26 09:32:09",
    "calendarYear": "2023",
    "period": "Q2",
    "revenue": 4531000000,
    "costOfRevenue": 1621000000,
    "grossProfit": 2910000000,
    "grossProfitRatio": 0.6422423306,
    "researchAndDevelopmentExpenses": 477000000,
    "generalAndAdministrativeExpenses": 0,
    "sellingAndMarketingExpenses": 0,
    "sellingGeneralAndAdministrativeExpenses": 461000000,
    "otherExpenses": 119000000,
    "operatingExpenses": 938000000,
    "costAndExpenses": 2559000000,
    "interestIncome": 0,
    "interestExpense": 89000000,
    "depreciationAndAmortization": 300000000,
    "ebitda": 2391000000,
    "ebitdaratio": 0.5276980799,
    "operatingIncome": 1972000000,
    "operatingIncomeRatio": 0.4352240124,
    "totalOtherIncomeExpensesNet": 30000000,
    "incomeBeforeTax": 2002000000,
    "incomeBeforeTaxRatio": 0.4418450673,
    "incomeTaxExpense": 280000000,
    "netIncome": 1722000000,
    "netIncomeRatio": 0.3800485544,
    "eps": 1.89,
    "epsdiluted": 1.87,
    "weightedAverageShsOut": 908000000,
    "weightedAverageShsOutDil": 916000000,
    "link": "https://www.sec.gov/Archives/edgar/data/97476/000009747623000035/0000097476-23-000035-index.htm",
    "finalLink": "https://www.sec.gov/Archives/edgar/data/97476/000009747623000035/txn-20230630.htm"
  },
  {
    "date": "2023-03-31",
    "symbol": "TXN",
    "reportedCurrency": "USD",
    "cik": "0000097476",
    "fillingDate": "2023-04-26",
    "acceptedDate": "2023-04-26 09:28:50",
    "calendarYear": "2023",
    "period": "Q1",
    "revenue": 4379000000,
    "costOfRevenue": 1516000000,
    "grossProfit": 2863000000,
    "grossProfitRatio": 0.653802238,
    "researchAndDevelopmentExpenses": 455000000,
    "generalAndAdministrativeExpenses": 0,
    "sellingAndMarketingExpenses": 0,
    "sellingGeneralAndAdministrativeExpenses": 474000000,
    "otherExpenses": 80000000,
    "operatingExpenses": 929000000,
    "costAndExpenses": 2445000000,
    "interestIncome": 0,
    "interestExpense": 68000000,
    "depreciationAndAmortization": 281000000,
    "ebitda": 2295000000,
    "ebitdaratio": 0.5240922585,
    "operatingIncome": 1934000000,
    "operatingIncomeRatio": 0.4416533455,
    "totalOtherIncomeExpensesNet": 12000000,
    "incomeBeforeTax": 1946000000,
    "incomeBeforeTaxRatio": 0.4443936972,
    "incomeTaxExpense": 238000000,
    "netIncome": 1708000000,
    "netIncomeRatio": 0.3900433889,
    "eps": 1.87,
    "epsdiluted": 1.85,
    "weightedAverageShsOut": 907000000,
    "weightedAverageShsOutDil": 916000000,
    "link": "https://www.sec.gov/Archives/edgar/data/97476/000009747623000025/0000097476-23-000025-index.htm",
    "finalLink": "https://www.sec.gov/Archives/edgar/data/97476/000009747623000025/txn-20230331.htm"
  },
  {
    "date": "2022-12-31",
    "symbol": "TXN",
    "reportedCurrency": "USD",
    "cik": "0000097476",
    "fillingDate": "2023-02-03",
    "acceptedDate": "2023-02-03 11:07:12",
    "calendarYear": "2022",
    "period": "Q4",
    "revenue": 4670000000,
    "costOfRevenue": 1583000000,
    "grossProfit": 3087000000,
    "grossProfitRatio": 0.6610278373,
    "researchAndDevelopmentExpenses": 434000000,
    "generalAndAdministrativeExpenses": 0,
    "sellingAndMarketingExpenses": 0,
    "sellingGeneralAndAdministrativeExpenses": 429000000,
    "otherExpenses": 48000000,
    "operatingExpenses": 911000000,
    "costAndExpenses": 2494000000,
    "interestIncome": 0,
    "interestExpense": 60000000,
    "depreciationAndAmortization": 263000000,
    "ebitda": 2490000000,
    "ebitdaratio": 0.5331905782,
    "operatingIncome": 2176000000,
    "operatingIncomeRatio": 0.4659528908,
    "totalOtherIncomeExpensesNet": -9000000,
    "incomeBeforeTax": 2167000000,
    "incomeBeforeTaxRatio": 0.4640256959,
    "incomeTaxExpense": 205000000,
    "netIncome": 1962000000,
    "netIncomeRatio": 0.4201284797,
    "eps": 2.16,
    "epsdiluted": 2.13,
    "weightedAverageShsOut": 906000000,
    "weightedAverageShsOutDil": 916000000,
    "link": "https://www.sec.gov/Archives/edgar/data/97476/000009747623000007/0000097476-23-000007-index.htm",
    "finalLink": "https://www.sec.gov/Archives/edgar/data/97476/000009747623000007/txn-20221231.htm"
  },
  {
    "date": "2022-09-30",
    "symbol": "TXN",
    "reportedCurrency": "USD",
    "cik": "0000097476",
    "fillingDate": "2022-10-26",
    "acceptedDate": "2022-10-26 09:25:10",
    "calendarYear": "2022",
    "period": "Q3",
    "revenue": 5241000000,
    "costOfRevenue": 1624000000,
    "grossProfit": 3617000000,
    "grossProfitRatio": 0.6901354703,
    "researchAndDevelopmentExpenses": 431000000,
    "generalAndAdministrativeExpenses": 0,
    "sellingAndMarketingExpenses": 0,
    "sellingGeneralAndAdministrativeExpenses": 431000000,
    "otherExpenses": 33000000,
    "operatingExpenses": 862000000,
    "costAndExpenses": 2486000000,
    "interestIncome": 0,
    "interestExpense": 53000000,
    "depreciationAndAmortization": 262000000,
    "ebitda": 2973000000,
    "ebitdaratio": 0.5672581568,
    "operatingIncome": 2678000000,
    "operatingIncomeRatio": 0.5109711887,
    "totalOtherIncomeExpensesNet": -20000000,
    "incomeBeforeTax": 2658000000,
    "incomeBeforeTaxRatio": 0.5071551231,
    "incomeTaxExpense": 363000000,
    "netIncome": 2295000000,
    "netIncomeRatio": 0.4378935318,
    "eps": 2.51,
    "epsdiluted": 2.49,
    "weightedAverageShsOut": 913000000,
    "weightedAverageShsOutDil": 923000000,
    "link": "https://www.sec.gov/Archives/edgar/data/97476/000009747622000048/0000097476-22-000048-index.htm",
    "finalLink": "https://www.sec.gov/Archives/edgar/data/97476/000009747622000048/txn-20220930.htm"
  },
  {
    "date": "2022-06-30",
    "symbol": "TXN",
    "reportedCurrency": "USD",
    "cik": "0000097476",
    "fillingDate": "2022-07-27",
    "acceptedDate": "2022-07-27 09:28:16",
    "calendarYear": "2022",
    "period": "Q2",
    "revenue": 5212000000,
    "costOfRevenue": 1587000000,
    "grossProfit": 3625000000,
    "grossProfitRatio": 0.6955103607,
    "researchAndDevelopmentExpenses": 414000000,
    "generalAndAdministrativeExpenses": 0,
    "sellingAndMarketingExpenses": 0,
    "sellingGeneralAndAdministrativeExpenses": 422000000,
    "otherExpenses": 7000000,
    "operatingExpenses": 836000000,
    "costAndExpenses": 2423000000,
    "interestIncome": 0,
    "interestExpense": 49000000,
    "depreciationAndAmortization": 240000000,
    "ebitda": 2970000000,
    "ebitdaratio": 0.5698388335,
    "operatingIncome": 2723000000,
    "operatingIncomeRatio": 0.5224481965,
    "totalOtherIncomeExpensesNet": -42000000,
    "incomeBeforeTax": 2681000000,
    "incomeBeforeTaxRatio": 0.5143898695,
    "incomeTaxExpense": 390000000,
    "netIncome": 2291000000,
    "netIncomeRatio": 0.439562548,
    "eps": 2.48,
    "epsdiluted": 2.45,
    "weightedAverageShsOut": 920000000,
    "weightedAverageShsOutDil": 930000000,
    "link": "https://www.sec.gov/Archives/edgar/data/97476/000009747622000040/0000097476-22-000040-index.htm",
    "finalLink": "https://www.sec.gov/Archives/edgar/data/97476/000009747622000040/txn-20220630.htm"
  },
  {
    "date": "2022-03-31",
    "symbol": "TXN",
    "reportedCurrency": "USD",
    "cik": "0000097476",
    "fillingDate": "2022-04-27",
    "acceptedDate": "2022-04-27 09:32:27",
    "calendarYear": "2022",
    "period": "Q1",
    "revenue": 4905000000,
    "costOfRevenue": 1463000000,
    "grossProfit": 3442000000,
    "grossProfitRatio": 0.7017329256,
    "researchAndDevelopmentExpenses": 391000000,
    "generalAndAdministrativeExpenses": 0,
    "sellingAndMarketingExpenses": 0,
    "sellingGeneralAndAdministrativeExpenses": 422000000,
    "otherExpenses": 15000000,
    "operatingExpenses": 813000000,
    "costAndExpenses": 2276000000,
    "interestIncome": 0,
    "interestExpense": 52000000,
    "depreciationAndAmortization": 214000000,
    "ebitda": 2792000000,
    "ebitdaratio": 0.5692150866,
    "operatingIncome": 2563000000,
    "operatingIncomeRatio": 0.5225280326,
    "totalOtherIncomeExpensesNet": -37000000,
    "incomeBeforeTax": 2526000000,
    "incomeBeforeTaxRatio": 0.5149847095,
    "incomeTaxExpense": 325000000,
    "netIncome": 2201000000,
    "netIncomeRatio": 0.44872579,
    "eps": 2.38,
    "epsdiluted": 2.36,
    "weightedAverageShsOut": 923000000,
    "weightedAverageShsOutDil": 934000000,
    "link": "https://www.sec.gov/Archives/edgar/data/97476/000009747622000028/0000097476-22-000028-index.htm",
    "finalLink": "https://www.sec.gov/Archives/edgar/data/97476/000009747622000028/txn-20220331.htm"
  },
  {
    "date": "2021-12-31",
    "symbol": "TXN",
    "reportedCurrency": "USD",
    "cik": "0000097476",
    "fillingDate": "2022-02-04",
    "acceptedDate": "2022-02-04 12:34:37",
    "calendarYear": "2021",
    "period": "Q4",
    "revenue": 4832000000,
    "costOfRevenue": 1482000000,
    "grossProfit": 3350000000,
    "grossProfitRatio": 0.693294702,
    "researchAndDevelopmentExpenses": 389000000,
    "generalAndAdministrativeExpenses": 0,
    "sellingAndMarketingExpenses": 0,
    "sellingGeneralAndAdministrativeExpenses": 404000000,
    "otherExpenses": 9000000,
    "operatingExpenses": 793000000,
    "costAndExpenses": 2275000000,
    "interestIncome": 0,
    "interestExpense": 49000000,
    "depreciationAndAmortization": 213000000,
    "ebitda": 2725000000,
    "ebitdaratio": 0.5639486755,
    "operatingIncome": 2503000000,
    "operatingIncomeRatio": 0.5180049669,
    "totalOtherIncomeExpensesNet": -40000000,
    "incomeBeforeTax": 2463000000,
    "incomeBeforeTaxRatio": 0.5097268212,
    "incomeTaxExpense": 325000000,
    "netIncome": 2138000000,
    "netIncomeRatio": 0.4424668874,
    "eps": 2.31,
    "epsdiluted": 2.27,
    "weightedAverageShsOut": 924000000,
    "weightedAverageShsOutDil": 936000000,
    "link": "https://www.sec.gov/Archives/edgar/data/97476/000009747622000009/0000097476-22-000009-index.htm",
    "finalLink": "https://www.sec.gov/Archives/edgar/data/97476/000009747622000009/txn-20211231.htm"
  },
  {
    "date": "2021-09-30",
    "symbol": "TXN",
    "reportedCurrency": "USD",
    "cik": "0000097476",
    "fillingDate": "2021-10-27",
    "acceptedDate": "2021-10-27 09:31:27",
    "calendarYear": "2021",
    "period": "Q3",
    "revenue": 4643000000,
    "costOfRevenue": 1491000000,
    "grossProfit": 3152000000,
    "grossProfitRatio": 0.6788714193,
    "researchAndDevelopmentExpenses": 388000000,
    "generalAndAdministrativeExpenses": 0,
    "sellingAndMarketingExpenses": 0,
    "sellingGeneralAndAdministrativeExpenses": 412000000,
    "otherExpenses": 15000000,
    "operatingExpenses": 800000000,
    "costAndExpenses": 2291000000,
    "interestIncome": 0,
    "interestExpense": 45000000,
    "depreciationAndAmortization": 253000000,
    "ebitda": 2573000000,
    "ebitdaratio": 0.5541675641,
    "operatingIncome": 2305000000,
    "operatingIncomeRatio": 0.4964462632,
    "totalOtherIncomeExpensesNet": -30000000,
    "incomeBeforeTax": 2275000000,
    "incomeBeforeTaxRatio": 0.4899849235,
    "incomeTaxExpense": 328000000,
    "netIncome": 1947000000,
    "netIncomeRatio": 0.4193409434,
    "eps": 2.11,
    "epsdiluted": 2.07,
    "weightedAverageShsOut": 923000000,
    "weightedAverageShsOutDil": 936000000,
    "link": "https://www.sec.gov/Archives/edgar/data/97476/000009747621000032/0000097476-21-000032-index.htm",
    "finalLink": "https://www.sec.gov/Archives/edgar/data/97476/000009747621000032/txn-20210930.htm"
  },
  {
    "date": "2021-06-30",
    "symbol": "TXN",
    "reportedCurrency": "USD",
    "cik": "0000097476",
    "fillingDate": "2021-07-22",
    "acceptedDate": "2021-07-22 09:24:27",
    "calendarYear": "2021",
    "period": "Q2",
    "revenue": 4580000000,
    "costOfRevenue": 1503000000,
    "grossProfit": 3077000000,
    "grossProfitRatio": 0.6718340611,
    "researchAndDevelopmentExpenses": 391000000,
    "generalAndAdministrativeExpenses": 0,
    "sellingAndMarketingExpenses": 0,
    "sellingGeneralAndAdministrativeExpenses": 425000000,
    "otherExpenses": 73000000,
    "operatingExpenses": 816000000,
    "costAndExpenses": 2319000000,
    "interestIncome": 0,
    "interestExpense": 44000000,
    "depreciationAndAmortization": 247000000,
    "ebitda": 2533000000,
    "ebitdaratio": 0.5530567686,
    "operatingIncome": 2213000000,
    "operatingIncomeRatio": 0.4831877729,
    "totalOtherIncomeExpensesNet": 29000000,
    "incomeBeforeTax": 2242000000,
    "incomeBeforeTaxRatio": 0.4895196507,
    "incomeTaxExpense": 311000000,
    "netIncome": 1931000000,
    "netIncomeRatio": 0.4216157205,
    "eps": 2.09,
    "epsdiluted": 2.05,
    "weightedAverageShsOut": 923000000,
    "weightedAverageShsOutDil": 937000000,
    "link": "https://www.sec.gov/Archives/edgar/data/97476/000009747621000020/0000097476-21-000020-index.htm",
    "finalLink": "https://www.sec.gov/Archives/edgar/data/97476/000009747621000020/txn-20210630.htm"
  },
  {
    "date": "2021-03-31",
    "symbol": "TXN",
    "reportedCurrency": "USD",
    "cik": "0000097476",
    "fillingDate": "2021-04-28",
    "acceptedDate": "2021-04-28 09:17:45",
    "calendarYear": "2021",
    "period": "Q1",
    "revenue": 4289000000,
    "costOfRevenue": 1492000000,
    "grossProfit": 2797000000,
    "grossProfitRatio": 0.6521333644,
    "researchAndDevelopmentExpenses": 386000000,
    "generalAndAdministrativeExpenses": 0,
    "sellingAndMarketingExpenses": 0,
    "sellingGeneralAndAdministrativeExpenses": 425000000,
    "otherExpenses": 46000000,
    "operatingExpenses": 811000000,
    "costAndExpenses": 2303000000,
    "interestIncome": 0,
    "interestExpense": 46000000,
    "depreciationAndAmortization": 241000000,
    "ebitda": 2226000000,
    "ebitdaratio": 0.5190020984,
    "operatingIncome": 1939000000,
    "operatingIncomeRatio": 0.4520867335,
    "totalOtherIncomeExpensesNet": 0,
    "incomeBeforeTax": 1939000000,
    "incomeBeforeTaxRatio": 0.4520867335,
    "incomeTaxExpense": 186000000,
    "netIncome": 1753000000,
    "netIncomeRatio": 0.4087199813,
    "eps": 1.9,
    "epsdiluted": 1.87,
    "weightedAverageShsOut": 922000000,
    "weightedAverageShsOutDil": 935000000,
    "link": "https://www.sec.gov/Archives/edgar/data/97476/000009747621000013/0000097476-21-000013-index.htm",
    "finalLink": "https://www.sec.gov/Archives/edgar/data/97476/000009747621000013/txn-20210331.htm"
  },
  {
    "date": "2020-12-31",
    "symbol": "TXN",
    "reportedCurrency": "USD",
    "cik": "0000097476",
    "fillingDate": "2021-02-05",
    "acceptedDate": "2021-02-05 16:26:50",
    "calendarYear": "2020",
    "period": "Q4",
    "revenue": 4076000000,
    "costOfRevenue": 1430000000,
    "grossProfit": 2646000000,
    "grossProfitRatio": 0.6491658489,
    "researchAndDevelopmentExpenses": 388000000,
    "generalAndAdministrativeExpenses": 0,
    "sellingAndMarketingExpenses": 0,
    "sellingGeneralAndAdministrativeExpenses": 398000000,
    "otherExpenses": 162000000,
    "operatingExpenses": 786000000,
    "costAndExpenses": 2216000000,
    "interestIncome": 0,
    "interestExpense": 48000000,
    "depreciationAndAmortization": 243000000,
    "ebitda": 2218000000,
    "ebitdaratio": 0.5441609421,
    "operatingIncome": 1813000000,
    "operatingIncomeRatio": 0.4447988224,
    "totalOtherIncomeExpensesNet": 114000000,
    "incomeBeforeTax": 1927000000,
    "incomeBeforeTaxRatio": 0.472767419,
    "incomeTaxExpense": 239000000,
    "netIncome": 1688000000,
    "netIncomeRatio": 0.4141315015,
    "eps": 1.84,
    "epsdiluted": 1.8,
    "weightedAverageShsOut": 919000000,
    "weightedAverageShsOutDil": 932000000,
    "link": "https://www.sec.gov/Archives/edgar/data/97476/000009747621000006/0000097476-21-000006-index.htm",
    "finalLink": "https://www.sec.gov/Archives/edgar/data/97476/000009747621000006/txn-20201231.htm"
  },
  {
    "date": "2020-09-30",
    "symbol": "TXN",
    "reportedCurrency": "USD",
    "cik": "0000097476",
    "fillingDate": "2020-10-21",
    "acceptedDate": "2020-10-21 09:16:37",
    "calendarYear": "2020",
    "period": "Q3",
    "revenue": 3817000000,
    "costOfRevenue": 1364000000,
    "grossProfit": 2453000000,
    "grossProfitRatio": 0.6426512968,
    "researchAndDevelopmentExpenses": 386000000,
    "generalAndAdministrativeExpenses": 0,
    "sellingAndMarketingExpenses": 0,
    "sellingGeneralAndAdministrativeExpenses": 407000000,
    "otherExpenses": 27000000,
    "operatingExpenses": 793000000,
    "costAndExpenses": 2157000000,
    "interestIncome": 0,
    "interestExpense": 49000000,
    "depreciationAndAmortization": 250000000,
    "ebitda": 1886000000,
    "ebitdaratio": 0.4941053183,
    "operatingIncome": 1609000000,
    "operatingIncomeRatio": 0.4215352371,
    "totalOtherIncomeExpensesNet": -22000000,
    "incomeBeforeTax": 1587000000,
    "incomeBeforeTaxRatio": 0.4157715483,
    "incomeTaxExpense": 234000000,
    "netIncome": 1353000000,
    "netIncomeRatio": 0.3544668588,
    "eps": 1.48,
    "epsdiluted": 1.45,
    "weightedAverageShsOut": 917000000,
    "weightedAverageShsOutDil": 929000000,
    "link": "https://www.sec.gov/Archives/edgar/data/97476/000162828020014630/0001628280-20-014630-index.htm",
    "finalLink": "https://www.sec.gov/Archives/edgar/data/97476/000162828020014630/txn-20200930.htm"
  },
  {
    "date": "2020-06-30",
    "symbol": "TXN",
    "reportedCurrency": "USD",
    "cik": "0000097476",
    "fillingDate": "2020-07-22",
    "acceptedDate": "2020-07-22 09:22:19",
    "calendarYear": "2020",
    "period": "Q2",
    "revenue": 3239000000,
    "costOfRevenue": 1157000000,
    "grossProfit": 2082000000,
    "grossProfitRatio": 0.6427909849,
    "researchAndDevelopmentExpenses": 379000000,
    "generalAndAdministrativeExpenses": 0,
    "sellingAndMarketingExpenses": 0,
    "sellingGeneralAndAdministrativeExpenses": 401000000,
    "otherExpenses": 99000000,
    "operatingExpenses": 780000000,
    "costAndExpenses": 1937000000,
    "interestIncome": 0,
    "interestExpense": 48000000,
    "depreciationAndAmortization": 249000000,
    "ebitda": 1576000000,
    "ebitdaratio": 0.486569929,
    "operatingIncome": 1228000000,
    "operatingIncomeRatio": 0.3791293609,
    "totalOtherIncomeExpensesNet": 51000000,
    "incomeBeforeTax": 1279000000,
    "incomeBeforeTaxRatio": 0.3948749614,
    "incomeTaxExpense": -101000000,
    "netIncome": 1380000000,
    "netIncomeRatio": 0.4260574251,
    "eps": 1.51,
    "epsdiluted": 1.48,
    "weightedAverageShsOut": 916000000,
    "weightedAverageShsOutDil": 927000000,
    "link": "https://www.sec.gov/Archives/edgar/data/97476/000009747620000026/0000097476-20-000026-index.htm",
    "finalLink": "https://www.sec.gov/Archives/edgar/data/97476/000009747620000026/txn-20200630.htm"
  },
  {
    "date": "2020-03-31",
    "symbol": "TXN",
    "reportedCurrency": "USD",
    "cik": "0000097476",
    "fillingDate": "2020-04-22",
    "acceptedDate": "2020-04-22 09:39:59",
    "calendarYear": "2020",
    "period": "Q1",
    "revenue": 3329000000,
    "costOfRevenue": 1241000000,
    "grossProfit": 2088000000,
    "grossProfitRatio": 0.62721538,
    "researchAndDevelopmentExpenses": 377000000,
    "generalAndAdministrativeExpenses": 0,
    "sellingAndMarketingExpenses": 0,
    "sellingGeneralAndAdministrativeExpenses": 417000000,
    "otherExpenses": 25000000,
    "operatingExpenses": 794000000,
    "costAndExpenses": 2035000000,
    "interestIncome": 0,
    "interestExpense": 45000000,
    "depreciationAndAmortization": 250000000,
    "ebitda": 1519000000,
    "ebitdaratio": 0.4562931811,
    "operatingIncome": 1244000000,
    "operatingIncomeRatio": 0.3736857915,
    "totalOtherIncomeExpensesNet": -20000000,
    "incomeBeforeTax": 1224000000,
    "incomeBeforeTaxRatio": 0.3676779814,
    "incomeTaxExpense": 50000000,
    "netIncome": 1174000000,
    "netIncomeRatio": 0.352658456,
    "eps": 1.26,
    "epsdiluted": 1.24,
    "weightedAverageShsOut": 931000000,
    "weightedAverageShsOutDil": 943000000,
    "link": "https://www.sec.gov/Archives/edgar/data/97476/000009747620000017/0000097476-20-000017-index.htm",
    "finalLink": "https://www.sec.gov/Archives/edgar/data/97476/000009747620000017/txn-20200331.htm"
  }
]