[
  {
    "date": "2024-12-31",
    "symbol": "TXN",
    "reportedCurrency": "USD",
    "cik": "0000097476",
    "fillingDate": "2025-02-14",
    "acceptedDate": "2025-02-14 14:33:58",
    "calendarYear": "2024",
    "period": "FY",
    "revenue": 15641000000,
    "costOfRevenue": 6547000000,
    "grossProfit": 9094000000,
    "grossProfitRatio": 0.5814206253,
    "researchAndDevelopmentExpenses": 1959000000,
    "generalAndAdministrativeExpenses": 0,
    "sellingAndMarketingExpenses": 0,
    "sellingGeneralAndAdministrativeExpenses": 1794000000,
    "otherExpenses": -124000000,
    "operatingExpenses": 3629000000,
    "costAndExpenses": 10176000000,
    "interestIncome": 0,
    "interestExpense": 508000000,
    "depreciationAndAmortization": 1580000000,
    "ebitda": 7541000000,
    "ebitdaratio": 0.4821302986,
    "operatingIncome": 5465000000,
    "operatingIncomeRatio": 0.3494022121,
    "totalOtherIncomeExpensesNet": -12000000,
    "incomeBeforeTax": 5453000000,
    "incomeBeforeTaxRatio": 0.3486349978,
    "incomeTaxExpense": 654000000,
    "netIncome": 4799000000,
    "netIncomeRatio": 0.3068218145,
    "eps": 5.29,
    "epsdiluted": 5.25,
    "weightedAverageShsOut": 912000000,
    "weightedAverageShsOutDil": 919000000,
    "link": "https://www.sec.gov/Archives/edgar/data/97476/000009747625000007/0000097476-25-000007-index.htm",
    "finalLink": "https://www.sec.gov/Archives/edgar/data/97476/000009747625000007/txn-20241231.htm"
  },
  {
    "date": "2023-12-31",
    "symbol": "TXN",
    "reportedCurrency": "USD",
    "cik": "0000097476",
    "fillingDate": "2024-02-02",
    "acceptedDate": "2024-02-02 11:11:54",
    "calendarYear": "2023",
    "period": "FY",
    "revenue": 17519000000,
    "costOfRevenue": 6500000000,
    "grossProfit": 11019000000,
    "grossProfitRatio": 0.6289742565,
    "researchAndDevelopmentExpenses": 1863000000,
    "generalAndAdministrativeExpenses": 0,
    "sellingAndMarketingExpenses": 0,
    "sellingGeneralAndAdministrativeExpenses": 1825000000,
    "otherExpenses": 0,
    "operatingExpenses": 3688000000,
    "costAndExpenses": 10188000000,
    "interestIncome": 0,
    "interestExpense": 353000000,
    "depreciationAndAmortization": 1238000000,
    "ebitda": 9009000000,
    "ebitdaratio": 0.5142416805,
    "operatingIncome": 7331000000,
    "operatingIncomeRatio": 0.4184599578,
    "totalOtherIncomeExpensesNet": 87000000,
    "incomeBeforeTax": 7418000000,
    "incomeBeforeTaxRatio": 0.4234259946,
    "incomeTaxExpense": 908000000,
    "netIncome": 6510000000,
    "netIncomeRatio": 0.3715965523,
    "eps": 7.13,
    "epsdiluted": 7.07,
    "weightedAverageShsOut": 908000000,
    "weightedAverageShsOutDil": 916000000,
    "link": "https://www.sec.gov/Archives/edgar/data/97476/000009747624000007/0000097476-24-000007-index.htm",
    "finalLink": "https://www.sec.gov/Archives/edgar/data/97476/000009747624000007/txn-20231231.htm"
  },
  {
    "date": "2022-12-31",
    "symbol": "TXN",
    "reportedCurrency": "USD",
    "cik": "0000097476",
    "fillingDate": "2023-02-03",
    "acceptedDate": "2023-02-03 11:07:12",
    "calendarYear": "2022",
    "period": "FY",
    "revenue": 20028000000,
    "costOfRevenue": 6257000000,
    "grossProfit": 13771000000,
    "grossProfitRatio": 0.6875873777,
    "researchAndDevelopmentExpenses": 1670000000,
    "generalAndAdministrativeExpenses": 0,
    "sellingAndMarketingExpenses": 0,
    "sellingGeneralAndAdministrativeExpenses": 1704000000,
    "otherExpenses": 106000000,
    "operatingExpenses": 3374000000,
    "costAndExpenses": 9631000000,
    "interestIncome": 0,
    "interestExpense": 214000000,
    "depreciationAndAmortization": 979000000,
    "ebitda": 11225000000,
    "ebitdaratio": 0.5604653485,
    "operatingIncome": 10140000000,
    "operatingIncomeRatio": 0.5062911923,
    "totalOtherIncomeExpensesNet": -108000000,
    "incomeBeforeTax": 10032000000,
    "incomeBeforeTaxRatio": 0.5008987418,
    "incomeTaxExpense": 1283000000,
    "netIncome": 8749000000,
    "netIncomeRatio": 0.4368384262,
    "eps": 9.51,
    "epsdiluted": 9.41,
    "weightedAverageShsOut": 916000000,
    "weightedAverageShsOutDil": 926000000,
    "link": "https://www.sec.gov/Archives/edgar/data/97476/000009747623000007/0000097476-23-000007-index.htm",
    "finalLink": "https://www.sec.gov/Archives/edgar/data/97476/000009747623000007/txn-20221231.htm"
  },
  {
    "date": "2021-12-31",
    "symbol": "TXN",
    "reportedCurrency": "USD",
    "cik": "0000097476",
    "fillingDate": "2022-02-04",
    "acceptedDate": "2022-02-04 12:34:37",
    "calendarYear": "2021",
    "period": "FY",
    "revenue": 18344000000,
    "costOfRevenue": 5968000000,
    "grossProfit": 12376000000,
    "grossProfitRatio": 0.6746620148,
    "researchAndDevelopmentExpenses": 1554000000,
    "generalAndAdministrativeExpenses": 0,
    "sellingAndMarketingExpenses": 0,
    "sellingGeneralAndAdministrativeExpenses": 1666000000,
    "otherExpenses": 143000000,
    "operatingExpenses": 3220000000,
    "costAndExpenses": 9188000000,
    "interestIncome": 0,
    "interestExpense": 184000000,
    "depreciationAndAmortization": 954000000,
    "ebitda": 10057000000,
    "ebitdaratio": 0.5482446577,
    "operatingIncome": 8960000000,
    "operatingIncomeRatio": 0.4884430877,
    "totalOtherIncomeExpensesNet": -41000000,
    "incomeBeforeTax": 8919000000,
    "incomeBeforeTaxRatio": 0.4862080244,
    "incomeTaxExpense": 1150000000,
    "netIncome": 7769000000,
    "netIncomeRatio": 0.4235172263,
    "eps": 8.38,
    "epsdiluted": 8.27,
    "weightedAverageShsOut": 923000000,
    "weightedAverageShsOutDil": 936000000,
    "link": "https://www.sec.gov/Archives/edgar/data/97476/000009747622000009/0000097476-22-000009-index.htm",
    "finalLink": "https://www.sec.gov/Archives/edgar/data/97476/000009747622000009/txn-20211231.htm"
  },
  {
    "date": "2020-12-31",
    "symbol": "TXN",
    "reportedCurrency": "USD",
    "cik": "0000097476",
    "fillingDate": "2021-02-05",
    "acceptedDate": "2021-02-05 16:26:50",
    "calendarYear": "2020",
    "period": "FY",
    "revenue": 14461000000,
    "costOfRevenue": 5192000000,
    "grossProfit": 9269000000,
    "grossProfitRatio": 0.6409653551,
    "researchAndDevelopmentExpenses": 1530000000,
    "generalAndAdministrativeExpenses": 0,
    "sellingAndMarketingExpenses": 0,
    "sellingGeneralAndAdministrativeExpenses": 1623000000,
    "otherExpenses": 313000000,
    "operatingExpenses": 3153000000,
    "costAndExpenses": 8345000000,
    "interestIncome": 0,
    "interestExpense": 190000000,
    "depreciationAndAmortization": 992000000,
    "ebitda": 7199000000,
    "ebitdaratio": 0.4978217274,
    "operatingIncome": 5894000000,
    "operatingIncomeRatio": 0.4075790056,
    "totalOtherIncomeExpensesNet": 123000000,
    "incomeBeforeTax": 6017000000,
    "incomeBeforeTaxRatio": 0.4160846414,
    "incomeTaxExpense": 422000000,
    "netIncome": 5595000000,
    "netIncomeRatio": 0.3869027038,
    "eps": 6.05,
    "epsdiluted": 5.97,
    "weightedAverageShsOut": 921000000,
    "weightedAverageShsOutDil": 933000000,
    "link": "https://www.sec.gov/Archives/edgar/data/97476/000009747621000006/0000097476-21-000006-index.htm",
    "finalLink": "https://www.sec.gov/Archives/edgar/data/97476/000009747621000006/txn-20201231.htm"
  },
  {
    "date": "2019-12-31",
    "symbol": "TXN",
    "reportedCurrency": "USD",
    "cik": "0000097476",
    "fillingDate": "2020-02-20",
    "acceptedDate": "2020-02-20 11:57:52",
    "calendarYear": "2019",
    "period": "FY",
    "revenue": 14383000000,
    "costOfRevenue": 5219000000,
    "grossProfit": 9164000000,
    "grossProfitRatio": 0.6371410693,
    "researchAndDevelopmentExpenses": 1544000000,
    "generalAndAdministrativeExpenses": 0,
    "sellingAndMarketingExpenses": 0,
    "sellingGeneralAndAdministrativeExpenses": 1645000000,
    "otherExpenses": 175000000,
    "operatingExpenses": 3189000000,
    "costAndExpenses": 8408000000,
    "interestIncome": 0,
    "interestExpense": 170000000,
    "depreciationAndAmortization": 1050000000,
    "ebitda": 6948000000,
    "ebitdaratio": 0.4830702913,
    "operatingIncome": 5723000000,
    "operatingIncomeRatio": 0.397900299,
    "totalOtherIncomeExpensesNet": 5000000,
    "incomeBeforeTax": 5728000000,
    "incomeBeforeTaxRatio": 0.3982479316,
    "incomeTaxExpense": 711000000,
    "netIncome": 5017000000,
    "netIncomeRatio": 0.3488145728,
    "eps": 5.33,
    "epsdiluted": 5.24,
    "weightedAverageShsOut": 936000000,
    "weightedAverageShsOutDil": 952000000,
    "link": "https://www.sec.gov/Archives/edgar/data/97476/000009747620000009/0000097476-20-000009-index.htm",
    "finalLink": "https://www.sec.gov/Archives/edgar/data/97476/000009747620000009/txn-20191231.htm"
  },
  {
    "date": "2018-12-31",
    "symbol": "TXN",
    "reportedCurrency": "USD",
    "cik": "0000097476",
    "fillingDate": "2019-02-22",
    "acceptedDate": "2019-02-22 12:16:54",
    "calendarYear": "2018",
    "period": "FY",
    "revenue": 15784000000,
    "costOfRevenue": 5507000000,
    "grossProfit": 10277000000,
    "grossProfitRatio": 0.6511023822,
    "researchAndDevelopmentExpenses": 1559000000,
    "generalAndAdministrativeExpenses": 0,
    "sellingAndMarketingExpenses": 0,
    "sellingGeneralAndAdministrativeExpenses": 1684000000,
    "otherExpenses": 98000000,
    "operatingExpenses": 3243000000,
    "costAndExpenses": 8750000000,
    "interestIncome": 0,
    "interestExpense": 125000000,
    "depreciationAndAmortization": 954000000,
    "ebitda": 7765000000,
    "ebitdaratio": 0.4919538773,
    "operatingIncome": 6713000000,
    "operatingIncomeRatio": 0.4253041054,
    "totalOtherIncomeExpensesNet": -27000000,
    "incomeBeforeTax": 6686000000,
    "incomeBeforeTaxRatio": 0.4235935124,
    "incomeTaxExpense": 1106000000,
    "netIncome": 5580000000,
    "netIncomeRatio": 0.3535225545,
    "eps": 5.75,
    "epsdiluted": 5.64,
    "weightedAverageShsOut": 970000000,
    "weightedAverageShsOutDil": 990000000,
    "link": "https://www.sec.gov/Archives/edgar/data/97476/000156459019003839/0001564590-19-003839-index.htm",
    "finalLink": "https://www.sec.gov/Archives/edgar/data/97476/000156459019003839/txn-10k_20181231.htm"
  },
  {
    "date": "2017-12-31",
    "symbol": "TXN",
    "reportedCurrency": "USD",
    "cik": "0000097476",
    "fillingDate": "2018-02-22",
    "acceptedDate": "2018-02-22 13:58:19",
    "calendarYear": "2017",
    "period": "FY",
    "revenue": 14961000000,
    "costOfRevenue": 5347000000,
    "grossProfit": 9614000000,
    "grossProfitRatio": 0.642604104,
    "researchAndDevelopmentExpenses": 1508000000,
    "generalAndAdministrativeExpenses": 0,
    "sellingAndMarketingExpenses": 0,
    "sellingGeneralAndAdministrativeExpenses": 1694000000,
    "otherExpenses": 75000000,
    "operatingExpenses": 3202000000,
    "costAndExpenses": 8549000000,
    "interestIncome": 0,
    "interestExpense": 78000000,
    "depreciationAndAmortization": 904000000,
    "ebitda": 7062000000,
    "ebitdaratio": 0.4720272709,
    "operatingIncome": 6083000000,
    "operatingIncomeRatio": 0.4065904686,
    "totalOtherIncomeExpensesNet": -3000000,
    "incomeBeforeTax": 6080000000,
    "incomeBeforeTaxRatio": 0.4063899472,
    "incomeTaxExpense": 2398000000,
    "netIncome": 3682000000,
    "netIncomeRatio": 0.2461065437,
    "eps": 3.72,
    "epsdiluted": 3.61,
    "weightedAverageShsOut": 991000000,
    "weightedAverageShsOutDil": 1012000000,
    "link": "https://www.sec.gov/Archives/edgar/data/97476/000156459018002832/0001564590-18-002832-index.htm",
    "finalLink": "https://www.sec.gov/Archives/edgar/data/97476/000156459018002832/txn-10k_20171231.htm"
  },
  {
    "date": "2016-12-31",
    "symbol": "TXN",
    "reportedCurrency": "USD",
    "cik": "0000097476",
    "fillingDate": "2017-02-23",
    "acceptedDate": "2017-02-23 13:00:41",
    "calendarYear": "2016",
    "period": "FY",
    "revenue": 13370000000,
    "costOfRevenue": 5130000000,
    "grossProfit": 8240000000,
    "grossProfitRatio": 0.6163051608,
    "researchAndDevelopmentExpenses": 1370000000,
    "generalAndAdministrativeExpenses": 0,
    "sellingAndMarketingExpenses": 0,
    "sellingGeneralAndAdministrativeExpenses": 1767000000,
    "otherExpenses": 211000000,
    "operatingExpenses": 3137000000,
    "costAndExpenses": 8267000000,
    "interestIncome": 8000000,
    "interestExpense": 80000000,
    "depreciationAndAmortization": 955000000,
    "ebitda": 5965000000,
    "ebitdaratio": 0.4461480927,
    "operatingIncome": 4799000000,
    "operatingIncomeRatio": 0.3589379207,
    "totalOtherIncomeExpensesNet": 75000000,
    "incomeBeforeTax": 4930000000,
    "incomeBeforeTaxRatio": 0.3687359761,
    "incomeTaxExpense": 1335000000,
    "netIncome": 3595000000,
    "netIncomeRatio": 0.2688855647,
    "eps": 3.61,
    "epsdiluted": 3.48,
    "weightedAverageShsOut": 995983961,
    "weightedAverageShsOutDil": 1021000000,
    "link": "https://www.sec.gov/Archives/edgar/data/97476/000156459017002142/0001564590-17-002142-index.htm",
    "finalLink": "https://www.sec.gov/Archives/edgar/data/97476/000156459017002142/txn-10k_20161231.htm"
  },
  {
    "date": "2015-12-31",
    "symbol": "TXN",
    "reportedCurrency": "USD",
    "cik": "0000097476",
    "fillingDate": "2016-02-24",
    "acceptedDate": "2016-02-24 10:31:05",
    "calendarYear": "2015",
    "period": "FY",
    "revenue": 13000000000,
    "costOfRevenue": 5440000000,
    "grossProfit": 7560000000,
    "grossProfitRatio": 0.5815384615,
    "researchAndDevelopmentExpenses": 1280000000,
    "generalAndAdministrativeExpenses": 0,
    "sellingAndMarketingExpenses": 0,
    "sellingGeneralAndAdministrativeExpenses": 1748000000,
    "otherExpenses": 32000000,
    "operatingExpenses": 3028000000,
    "costAndExpenses": 8468000000,
    "interestIncome": 14000000,
    "interestExpense": 90000000,
    "depreciationAndAmortization": 1133000000,
    "ebitda": 5439000000,
    "ebitdaratio": 0.4183846154,
    "operatingIncome": 4274000000,
    "operatingIncomeRatio": 0.3287692308,
    "totalOtherIncomeExpensesNet": -58000000,
    "incomeBeforeTax": 4216000000,
    "incomeBeforeTaxRatio": 0.3243076923,
    "incomeTaxExpense": 1230000000,
    "netIncome": 2986000000,
    "netIncomeRatio": 0.2296923077,
    "eps": 2.95,
    "epsdiluted": 2.82,
    "weightedAverageShsOut": 1011268412,
    "weightedAverageShsOutDil": 1043000000,
    "link": "https://www.sec.gov/Archives/edgar/data/97476/000156459016013126/0001564590-16-013126-index.htm",
    "finalLink": "https://www.sec.gov/Archives/edgar/data/97476/000156459016013126/txn-10k_20151231.htm"
  }
]