[
  {
    "date": "2024-12-31",
    "symbol": "WFC",
    "reportedCurrency": "USD",
    "cik": "0000072971",
    "fillingDate": "2025-02-25",
    "acceptedDate": "2025-02-25 16:36:31",
    "calendarYear": "2024",
    "period": "FY",
    "revenue": 77962000000,
    "costOfRevenue": 0,
    "grossProfit": 77962000000,
    "grossProfitRatio": 1,
    "researchAndDevelopmentExpenses": 0,
    "generalAndAdministrativeExpenses": 36362000000,
    "sellingAndMarketingExpenses": 869000000,
    "sellingGeneralAndAdministrativeExpenses": 37231000000,
    "otherExpenses": 0,
    "operatingExpenses": 49473000000,
    "costAndExpenses": 49473000000,
    "interestIncome": 0,
    "interestExpense": 0,
    "depreciationAndAmortization": -4492000000,
    "ebitda": 23997000000,
    "ebitdaratio": 0.3078038019,
    "operatingIncome": 28489000000,
    "operatingIncomeRatio": 0.3654216157,
    "totalOtherIncomeExpensesNet": -5125000000,
    "incomeBeforeTax": 23364000000,
    "incomeBeforeTaxRatio": 0.2996844617,
    "incomeTaxExpense": 3399000000,
    "netIncome": 19722000000,
    "netIncomeRatio": 0.2529693953,
    "eps": 5.43,
    "epsdiluted": 5.37,
    "weightedAverageShsOut": 3672625698,
    "weightedAverageShsOutDil": 3467600000,
    "link": "https://www.sec.gov/Archives/edgar/data/72971/000007297125000066/0000072971-25-000066-index.htm",
    "finalLink": "https://www.sec.gov/Archives/edgar/data/72971/000007297125000066/wfc-20241231.htm"
  },
  {
    "date": "2023-12-31",
    "symbol": "WFC",
    "reportedCurrency": "USD",
    "cik": "0000072971",
    "fillingDate": "2024-02-20",
    "acceptedDate": "2024-02-20 17:06:58",
    "calendarYear": "2023",
    "period": "FY",
    "revenue": 77198000000,
    "costOfRevenue": -5399000000,
    "grossProfit": 82597000000,
    "grossProfitRatio": 1.069937045,
    "researchAndDevelopmentExpenses": 0,
    "generalAndAdministrativeExpenses": 35829000000,
    "sellingAndMarketingExpenses": 812000000,
    "sellingGeneralAndAdministrativeExpenses": 48530000000,
    "otherExpenses": 0,
    "operatingExpenses": 48530000000,
    "costAndExpenses": 48530000000,
    "interestIncome": 85118000000,
    "interestExpense": 32743000000,
    "depreciationAndAmortization": 6271000000,
    "ebitda": 27907000000,
    "ebitdaratio": 0.3614990026,
    "operatingIncome": 28668000000,
    "operatingIncomeRatio": 0.3713567709,
    "totalOtherIncomeExpensesNet": -7032000000,
    "incomeBeforeTax": 21636000000,
    "incomeBeforeTaxRatio": 0.2802663281,
    "incomeTaxExpense": 2607000000,
    "netIncome": 19142000000,
    "netIncomeRatio": 0.2479597917,
    "eps": 4.88,
    "epsdiluted": 4.83,
    "weightedAverageShsOut": 3688300000,
    "weightedAverageShsOutDil": 3720400000,
    "link": "https://www.sec.gov/Archives/edgar/data/72971/000007297124000064/0000072971-24-000064-index.htm",
    "finalLink": "https://www.sec.gov/Archives/edgar/data/72971/000007297124000064/wfc-20231231.htm"
  },
  {
    "date": "2022-12-31",
    "symbol": "WFC",
    "reportedCurrency": "USD",
    "cik": "0000072971",
    "fillingDate": "2023-02-21",
    "acceptedDate": "2023-02-21 17:13:29",
    "calendarYear": "2022",
    "period": "FY",
    "revenue": 73785000000,
    "costOfRevenue": 0,
    "grossProfit": 73785000000,
    "grossProfitRatio": 1,
    "researchAndDevelopmentExpenses": 0,
    "generalAndAdministrativeExpenses": 5188000000,
    "sellingAndMarketingExpenses": 505000000,
    "sellingGeneralAndAdministrativeExpenses": 46289000000,
    "otherExpenses": 10989000000,
    "operatingExpenses": 57278000000,
    "costAndExpenses": 57278000000,
    "interestIncome": 54024000000,
    "interestExpense": 9074000000,
    "depreciationAndAmortization": 7309000000,
    "ebitda": 22278000000,
    "ebitdaratio": 0.3019312868,
    "operatingIncome": 14970000000,
    "operatingIncomeRatio": 0.2028867656,
    "totalOtherIncomeExpensesNet": -6832000000,
    "incomeBeforeTax": 14969000000,
    "incomeBeforeTaxRatio": 0.2028732127,
    "incomeTaxExpense": 2087000000,
    "netIncome": 13677000000,
    "netIncomeRatio": 0.1853628786,
    "eps": 3.17,
    "epsdiluted": 3.14,
    "weightedAverageShsOut": 3805200000,
    "weightedAverageShsOutDil": 3837000000,
    "link": "https://www.sec.gov/Archives/edgar/data/72971/000007297123000071/0000072971-23-000071-index.htm",
    "finalLink": "https://www.sec.gov/Archives/edgar/data/72971/000007297123000071/wfc-20221231.htm"
  },
  {
    "date": "2021-12-31",
    "symbol": "WFC",
    "reportedCurrency": "USD",
    "cik": "0000072971",
    "fillingDate": "2022-02-22",
    "acceptedDate": "2022-02-22 17:01:56",
    "calendarYear": "2021",
    "period": "FY",
    "revenue": 78492000000,
    "costOfRevenue": 0,
    "grossProfit": 78492000000,
    "grossProfitRatio": 1,
    "researchAndDevelopmentExpenses": 0,
    "generalAndAdministrativeExpenses": 5723000000,
    "sellingAndMarketingExpenses": 600000000,
    "sellingGeneralAndAdministrativeExpenses": 48059000000,
    "otherExpenses": 5731000000,
    "operatingExpenses": 53790000000,
    "costAndExpenses": 53790000000,
    "interestIncome": 39694000000,
    "interestExpense": 3915000000,
    "depreciationAndAmortization": 8494000000,
    "ebitda": 37310000000,
    "ebitdaratio": 0.475335066,
    "operatingIncome": 28851000000,
    "operatingIncomeRatio": 0.3675661214,
    "totalOtherIncomeExpensesNet": -6446000000,
    "incomeBeforeTax": 28816000000,
    "incomeBeforeTaxRatio": 0.3671202161,
    "incomeTaxExpense": 5578000000,
    "netIncome": 22109000000,
    "netIncomeRatio": 0.2816720175,
    "eps": 4.99,
    "epsdiluted": 4.95,
    "weightedAverageShsOut": 4061900000,
    "weightedAverageShsOutDil": 4096200000,
    "link": "https://www.sec.gov/Archives/edgar/data/72971/000007297122000096/0000072971-22-000096-index.htm",
    "finalLink": "https://www.sec.gov/Archives/edgar/data/72971/000007297122000096/wfc-20211231.htm"
  },
  {
    "date": "2020-12-31",
    "symbol": "WFC",
    "reportedCurrency": "USD",
    "cik": "0000072971",
    "fillingDate": "2021-02-23",
    "acceptedDate": "2021-02-23 16:58:04",
    "calendarYear": "2020",
    "period": "FY",
    "revenue": 72340000000,
    "costOfRevenue": 0,
    "grossProfit": 72340000000,
    "grossProfitRatio": 1,
    "researchAndDevelopmentExpenses": 0,
    "generalAndAdministrativeExpenses": 6706000000,
    "sellingAndMarketingExpenses": 600000000,
    "sellingGeneralAndAdministrativeExpenses": 48479000000,
    "otherExpenses": 9188000000,
    "operatingExpenses": 57667000000,
    "costAndExpenses": 57667000000,
    "interestIncome": 47798000000,
    "interestExpense": 7963000000,
    "depreciationAndAmortization": 8974000000,
    "ebitda": 0,
    "ebitdaratio": 0,
    "operatingIncome": 4041000000,
    "operatingIncomeRatio": 0.0558612109,
    "totalOtherIncomeExpensesNet": -9188000000,
    "incomeBeforeTax": 2505000000,
    "incomeBeforeTaxRatio": 0.0346281449,
    "incomeTaxExpense": 1157000000,
    "netIncome": 1786000000,
    "netIncomeRatio": 0.0246889688,
    "eps": 0.43,
    "epsdiluted": 0.43,
    "weightedAverageShsOut": 4118000000,
    "weightedAverageShsOutDil": 4134200000,
    "link": "https://www.sec.gov/Archives/edgar/data/72971/000007297121000197/0000072971-21-000197-index.htm",
    "finalLink": "https://www.sec.gov/Archives/edgar/data/72971/000007297121000197/wfc-20201231.htm"
  },
  {
    "date": "2019-12-31",
    "symbol": "WFC",
    "reportedCurrency": "USD",
    "cik": "0000072971",
    "fillingDate": "2020-02-27",
    "acceptedDate": "2020-02-26 21:51:08",
    "calendarYear": "2019",
    "period": "FY",
    "revenue": 85063000000,
    "costOfRevenue": 0,
    "grossProfit": 85063000000,
    "grossProfitRatio": 1,
    "researchAndDevelopmentExpenses": 0,
    "generalAndAdministrativeExpenses": 6745000000,
    "sellingAndMarketingExpenses": 1076000000,
    "sellingGeneralAndAdministrativeExpenses": 49170000000,
    "otherExpenses": 9090000000,
    "operatingExpenses": 58260000000,
    "costAndExpenses": 58260000000,
    "interestIncome": 66083000000,
    "interestExpense": 18852000000,
    "depreciationAndAmortization": 7923000000,
    "ebitda": 0,
    "ebitdaratio": 0,
    "operatingIncome": 25967000000,
    "operatingIncomeRatio": 0.3052678603,
    "totalOtherIncomeExpensesNet": -9090000000,
    "incomeBeforeTax": 25967000000,
    "incomeBeforeTaxRatio": 0.3052678603,
    "incomeTaxExpense": 5761000000,
    "netIncome": 19715000000,
    "netIncomeRatio": 0.2317693944,
    "eps": 4.08,
    "epsdiluted": 4.05,
    "weightedAverageShsOut": 4393100000,
    "weightedAverageShsOutDil": 4425400000,
    "link": "https://www.sec.gov/Archives/edgar/data/72971/000007297120000217/0000072971-20-000217-index.htm",
    "finalLink": "https://www.sec.gov/Archives/edgar/data/72971/000007297120000217/wfc-12312019x10k.htm"
  },
  {
    "date": "2018-12-31",
    "symbol": "WFC",
    "reportedCurrency": "USD",
    "cik": "0000072971",
    "fillingDate": "2019-02-27",
    "acceptedDate": "2019-02-27 15:23:51",
    "calendarYear": "2018",
    "period": "FY",
    "revenue": 86408000000,
    "costOfRevenue": 0,
    "grossProfit": 86408000000,
    "grossProfitRatio": 1,
    "researchAndDevelopmentExpenses": 0,
    "generalAndAdministrativeExpenses": 6588000000,
    "sellingAndMarketingExpenses": 857000000,
    "sellingGeneralAndAdministrativeExpenses": 46321000000,
    "otherExpenses": 9837000000,
    "operatingExpenses": 56158000000,
    "costAndExpenses": 56158000000,
    "interestIncome": 64647000000,
    "interestExpense": 14652000000,
    "depreciationAndAmortization": 5593000000,
    "ebitda": 34131000000,
    "ebitdaratio": 0.3949981483,
    "operatingIncome": 28538000000,
    "operatingIncomeRatio": 0.3302703453,
    "totalOtherIncomeExpensesNet": -9837000000,
    "incomeBeforeTax": 28538000000,
    "incomeBeforeTaxRatio": 0.3302703453,
    "incomeTaxExpense": 5662000000,
    "netIncome": 22393000000,
    "netIncomeRatio": 0.259154245,
    "eps": 4.67,
    "epsdiluted": 4.63,
    "weightedAverageShsOut": 4799700000,
    "weightedAverageShsOutDil": 4838400000,
    "link": "https://www.sec.gov/Archives/edgar/data/72971/000007297119000227/0000072971-19-000227-index.htm",
    "finalLink": "https://www.sec.gov/Archives/edgar/data/72971/000007297119000227/wfc-12312018x10k.htm"
  },
  {
    "date": "2017-12-31",
    "symbol": "WFC",
    "reportedCurrency": "USD",
    "cik": "0000072971",
    "fillingDate": "2018-03-01",
    "acceptedDate": "2018-03-01 12:38:37",
    "calendarYear": "2017",
    "period": "FY",
    "revenue": 87121000000,
    "costOfRevenue": 0,
    "grossProfit": 87121000000,
    "grossProfitRatio": 1,
    "researchAndDevelopmentExpenses": 0,
    "generalAndAdministrativeExpenses": 38457000000,
    "sellingAndMarketingExpenses": 614000000,
    "sellingGeneralAndAdministrativeExpenses": 39071000000,
    "otherExpenses": 19541000000,
    "operatingExpenses": 58612000000,
    "costAndExpenses": 58612000000,
    "interestIncome": 58909000000,
    "interestExpense": 9352000000,
    "depreciationAndAmortization": 5406000000,
    "ebitda": 0,
    "ebitdaratio": 0,
    "operatingIncome": 29816000000,
    "operatingIncomeRatio": 0.3422366594,
    "totalOtherIncomeExpensesNet": -19541000000,
    "incomeBeforeTax": 27377000000,
    "incomeBeforeTaxRatio": 0.3142411129,
    "incomeTaxExpense": 4917000000,
    "netIncome": 22183000000,
    "netIncomeRatio": 0.2546228808,
    "eps": 4.14,
    "epsdiluted": 4.1,
    "weightedAverageShsOut": 5013170731,
    "weightedAverageShsOutDil": 5017300000,
    "link": "https://www.sec.gov/Archives/edgar/data/72971/000007297118000272/0000072971-18-000272-index.html",
    "finalLink": "https://www.sec.gov/Archives/edgar/data/72971/000007297118000272/wfc-12312017x10k.htm"
  },
  {
    "date": "2016-12-31",
    "symbol": "WFC",
    "reportedCurrency": "USD",
    "cik": "0000072971",
    "fillingDate": "2017-03-01",
    "acceptedDate": "2017-03-01 13:42:47",
    "calendarYear": "2016",
    "period": "FY",
    "revenue": 87388000000,
    "costOfRevenue": 0,
    "grossProfit": 87388000000,
    "grossProfitRatio": 1,
    "researchAndDevelopmentExpenses": 0,
    "generalAndAdministrativeExpenses": 38231000000,
    "sellingAndMarketingExpenses": 595000000,
    "sellingGeneralAndAdministrativeExpenses": 38826000000,
    "otherExpenses": 13595000000,
    "operatingExpenses": 52421000000,
    "costAndExpenses": 52421000000,
    "interestIncome": 53663000000,
    "interestExpense": 5909000000,
    "depreciationAndAmortization": 4970000000,
    "ebitda": 37090000000,
    "ebitdaratio": 0.4244289834,
    "operatingIncome": 34480000000,
    "operatingIncomeRatio": 0.3945621825,
    "totalOtherIncomeExpensesNet": -13595000000,
    "incomeBeforeTax": 32120000000,
    "incomeBeforeTaxRatio": 0.3675561862,
    "incomeTaxExpense": 10075000000,
    "netIncome": 21938000000,
    "netIncomeRatio": 0.2510413329,
    "eps": 4.03,
    "epsdiluted": 3.99,
    "weightedAverageShsOut": 5106015037,
    "weightedAverageShsOutDil": 5108300000,
    "link": "https://www.sec.gov/Archives/edgar/data/72971/000007297117000278/0000072971-17-000278-index.html",
    "finalLink": "https://www.sec.gov/Archives/edgar/data/72971/000007297117000278/wfc-12312016x10k.htm"
  },
  {
    "date": "2015-12-31",
    "symbol": "WFC",
    "reportedCurrency": "USD",
    "cik": "0000072971",
    "fillingDate": "2016-02-24",
    "acceptedDate": "2016-02-24 12:12:43",
    "calendarYear": "2015",
    "period": "FY",
    "revenue": 83827000000,
    "costOfRevenue": 0,
    "grossProfit": 83827000000,
    "grossProfitRatio": 1,
    "researchAndDevelopmentExpenses": 0,
    "generalAndAdministrativeExpenses": 35908000000,
    "sellingAndMarketingExpenses": 606000000,
    "sellingGeneralAndAdministrativeExpenses": 36514000000,
    "otherExpenses": 13535000000,
    "operatingExpenses": 50049000000,
    "costAndExpenses": 50049000000,
    "interestIncome": 49277000000,
    "interestExpense": 3976000000,
    "depreciationAndAmortization": 35860000000,
    "ebitda": 69501000000,
    "ebitdaratio": 0.8291004092,
    "operatingIncome": 35860000000,
    "operatingIncomeRatio": 0.4277857969,
    "totalOtherIncomeExpensesNet": -13535000000,
    "incomeBeforeTax": 33641000000,
    "incomeBeforeTaxRatio": 0.4013146122,
    "incomeTaxExpense": 10365000000,
    "netIncome": 22894000000,
    "netIncomeRatio": 0.2731100958,
    "eps": 4.18,
    "epsdiluted": 4.12,
    "weightedAverageShsOut": 5209800000,
    "weightedAverageShsOutDil": 5211165048,
    "link": "https://www.sec.gov/Archives/edgar/data/72971/000007297116001045/0000072971-16-001045-index.html",
    "finalLink": "https://www.sec.gov/Archives/edgar/data/72971/000007297116001045/wfc-12312015x10k.htm"
  }
]