[
  {
    "date": "2024-12-31",
    "symbol": "WFC",
    "reportedCurrency": "USD",
    "cik": "0000072971",
    "fillingDate": "2025-02-25",
    "acceptedDate": "2025-02-25 16:36:31",
    "calendarYear": "2024",
    "period": "Q4",
    "revenue": 19283000000,
    "costOfRevenue": 0,
    "grossProfit": 19283000000,
    "grossProfitRatio": 1,
    "researchAndDevelopmentExpenses": 0,
    "generalAndAdministrativeExpenses": 9229000000,
    "sellingAndMarketingExpenses": 243000000,
    "sellingGeneralAndAdministrativeExpenses": 12780000000,
    "otherExpenses": 0,
    "operatingExpenses": 12780000000,
    "costAndExpenses": 12780000000,
    "interestIncome": 0,
    "interestExpense": 0,
    "depreciationAndAmortization": -962000000,
    "ebitda": 5541000000,
    "ebitdaratio": 0.2873515532,
    "operatingIncome": 6503000000,
    "operatingIncomeRatio": 0.337240056,
    "totalOtherIncomeExpensesNet": -1120000000,
    "incomeBeforeTax": 5383000000,
    "incomeBeforeTaxRatio": 0.2791578074,
    "incomeTaxExpense": 120000000,
    "netIncome": 5079000000,
    "netIncomeRatio": 0.2633926256,
    "eps": 1.45,
    "epsdiluted": 1.43,
    "weightedAverageShsOut": 3312800000,
    "weightedAverageShsOutDil": 3360700000,
    "link": "https://www.sec.gov/Archives/edgar/data/72971/000007297125000066/0000072971-25-000066-index.htm",
    "finalLink": "https://www.sec.gov/Archives/edgar/data/72971/000007297125000066/wfc-20241231.htm"
  },
  {
    "date": "2024-09-30",
    "symbol": "WFC",
    "reportedCurrency": "USD",
    "cik": "0000072971",
    "fillingDate": "2024-10-31",
    "acceptedDate": "2024-10-31 16:32:36",
    "calendarYear": "2024",
    "period": "Q3",
    "revenue": 19301000000,
    "costOfRevenue": -1476000000,
    "grossProfit": 20777000000,
    "grossProfitRatio": 1.0764727216,
    "researchAndDevelopmentExpenses": 0,
    "generalAndAdministrativeExpenses": 8743000000,
    "sellingAndMarketingExpenses": 205000000,
    "sellingGeneralAndAdministrativeExpenses": 12006000000,
    "otherExpenses": 0,
    "operatingExpenses": 12006000000,
    "costAndExpenses": 12006000000,
    "interestIncome": 0,
    "interestExpense": 0,
    "depreciationAndAmortization": 1783000000,
    "ebitda": 7295000000,
    "ebitdaratio": 0.3779596912,
    "operatingIncome": 7295000000,
    "operatingIncomeRatio": 0.3779596912,
    "totalOtherIncomeExpensesNet": -1061000000,
    "incomeBeforeTax": 6234000000,
    "incomeBeforeTaxRatio": 0.3229884462,
    "incomeTaxExpense": 1064000000,
    "netIncome": 5114000000,
    "netIncomeRatio": 0.2649603647,
    "eps": 1.43,
    "epsdiluted": 1.42,
    "weightedAverageShsOut": 3384800000,
    "weightedAverageShsOutDil": 3425100000,
    "link": "https://www.sec.gov/Archives/edgar/data/72971/000007297124000243/0000072971-24-000243-index.htm",
    "finalLink": "https://www.sec.gov/Archives/edgar/data/72971/000007297124000243/wfc-20240930.htm"
  },
  {
    "date": "2024-06-30",
    "symbol": "WFC",
    "reportedCurrency": "USD",
    "cik": "0000072971",
    "fillingDate": "2024-08-01",
    "acceptedDate": "2024-08-01 17:16:01",
    "calendarYear": "2024",
    "period": "Q2",
    "revenue": 20689000000,
    "costOfRevenue": 0,
    "grossProfit": 20689000000,
    "grossProfitRatio": 1,
    "researchAndDevelopmentExpenses": 0,
    "generalAndAdministrativeExpenses": 1139000000,
    "sellingAndMarketingExpenses": 224000000,
    "sellingGeneralAndAdministrativeExpenses": 11807000000,
    "otherExpenses": 1486000000,
    "operatingExpenses": 13293000000,
    "costAndExpenses": 13293000000,
    "interestIncome": 22884000000,
    "interestExpense": 10961000000,
    "depreciationAndAmortization": 1972000000,
    "ebitda": 18103000000,
    "ebitdaratio": 0.8750060419,
    "operatingIncome": 7396000000,
    "operatingIncomeRatio": 0.3574846537,
    "totalOtherIncomeExpensesNet": -11943000000,
    "incomeBeforeTax": 6160000000,
    "incomeBeforeTaxRatio": 0.2977427619,
    "incomeTaxExpense": 1251000000,
    "netIncome": 4910000000,
    "netIncomeRatio": 0.2373241819,
    "eps": 1.3,
    "epsdiluted": 1.29,
    "weightedAverageShsOut": 3560100000,
    "weightedAverageShsOutDil": 3600100000,
    "link": "https://www.sec.gov/Archives/edgar/data/72971/000007297124000185/0000072971-24-000185-index.htm",
    "finalLink": "https://www.sec.gov/Archives/edgar/data/72971/000007297124000185/wfc-20240630.htm"
  },
  {
    "date": "2024-03-31",
    "symbol": "WFC",
    "reportedCurrency": "USD",
    "cik": "0000072971",
    "fillingDate": "2024-05-02",
    "acceptedDate": "2024-05-02 17:18:25",
    "calendarYear": "2024",
    "period": "Q1",
    "revenue": 20863000000,
    "costOfRevenue": 0,
    "grossProfit": 20863000000,
    "grossProfitRatio": 1,
    "researchAndDevelopmentExpenses": 0,
    "generalAndAdministrativeExpenses": 1101000000,
    "sellingAndMarketingExpenses": 197000000,
    "sellingGeneralAndAdministrativeExpenses": 12557000000,
    "otherExpenses": 1781000000,
    "operatingExpenses": 14338000000,
    "costAndExpenses": 14338000000,
    "interestIncome": 22840000000,
    "interestExpense": 10613000000,
    "depreciationAndAmortization": 1819000000,
    "ebitda": 18266000000,
    "ebitdaratio": 0.8755212577,
    "operatingIncome": 6525000000,
    "operatingIncomeRatio": 0.3127546374,
    "totalOtherIncomeExpensesNet": -12679000000,
    "incomeBeforeTax": 5587000000,
    "incomeBeforeTaxRatio": 0.2677946604,
    "incomeTaxExpense": 964000000,
    "netIncome": 4619000000,
    "netIncomeRatio": 0.2213967311,
    "eps": 1.21,
    "epsdiluted": 1.2,
    "weightedAverageShsOut": 3560100000,
    "weightedAverageShsOutDil": 3600100000,
    "link": "https://www.sec.gov/Archives/edgar/data/72971/000007297124000129/0000072971-24-000129-index.htm",
    "finalLink": "https://www.sec.gov/Archives/edgar/data/72971/000007297124000129/wfc-20240331.htm"
  },
  {
    "date": "2023-12-31",
    "symbol": "WFC",
    "reportedCurrency": "USD",
    "cik": "0000072971",
    "fillingDate": "2024-02-20",
    "acceptedDate": "2024-02-20 17:06:58",
    "calendarYear": "2023",
    "period": "Q4",
    "revenue": 20478000000,
    "costOfRevenue": 0,
    "grossProfit": 20478000000,
    "grossProfitRatio": 1,
    "researchAndDevelopmentExpenses": 0,
    "generalAndAdministrativeExpenses": 1242000000,
    "sellingAndMarketingExpenses": 259000000,
    "sellingGeneralAndAdministrativeExpenses": 12498000000,
    "otherExpenses": 3288000000,
    "operatingExpenses": 15786000000,
    "costAndExpenses": 15786000000,
    "interestIncome": 22839000000,
    "interestExpense": 10068000000,
    "depreciationAndAmortization": 1533000000,
    "ebitda": 0,
    "ebitdaratio": 0,
    "operatingIncome": 3410000000,
    "operatingIncomeRatio": 0.166520168,
    "totalOtherIncomeExpensesNet": -3288000000,
    "incomeBeforeTax": 3410000000,
    "incomeBeforeTaxRatio": 0.166520168,
    "incomeTaxExpense": 100000000,
    "netIncome": 3446000000,
    "netIncomeRatio": 0.1682781522,
    "eps": 0.87,
    "epsdiluted": 0.86,
    "weightedAverageShsOut": 3620900000,
    "weightedAverageShsOutDil": 3657000000,
    "link": "https://www.sec.gov/Archives/edgar/data/72971/000007297124000064/0000072971-24-000064-index.htm",
    "finalLink": "https://www.sec.gov/Archives/edgar/data/72971/000007297124000064/wfc-20231231.htm"
  },
  {
    "date": "2023-09-30",
    "symbol": "WFC",
    "reportedCurrency": "USD",
    "cik": "0000072971",
    "fillingDate": "2023-10-31",
    "acceptedDate": "2023-10-31 17:02:38",
    "calendarYear": "2023",
    "period": "Q3",
    "revenue": 20857000000,
    "costOfRevenue": 0,
    "grossProfit": 20857000000,
    "grossProfitRatio": 1,
    "researchAndDevelopmentExpenses": 0,
    "generalAndAdministrativeExpenses": 1310000000,
    "sellingAndMarketingExpenses": 215000000,
    "sellingGeneralAndAdministrativeExpenses": 11851000000,
    "otherExpenses": 1262000000,
    "operatingExpenses": 13113000000,
    "costAndExpenses": 13113000000,
    "interestIncome": 22093000000,
    "interestExpense": 8988000000,
    "depreciationAndAmortization": 1597000000,
    "ebitda": 8144000000,
    "ebitdaratio": 0.3904684279,
    "operatingIncome": 6547000000,
    "operatingIncomeRatio": 0.3138994103,
    "totalOtherIncomeExpensesNet": -1262000000,
    "incomeBeforeTax": 6547000000,
    "incomeBeforeTaxRatio": 0.3138994103,
    "incomeTaxExpense": 811000000,
    "netIncome": 5767000000,
    "netIncomeRatio": 0.2765018938,
    "eps": 1.49,
    "epsdiluted": 1.48,
    "weightedAverageShsOut": 3648800000,
    "weightedAverageShsOutDil": 3680600000,
    "link": "https://www.sec.gov/Archives/edgar/data/72971/000007297123000170/0000072971-23-000170-index.htm",
    "finalLink": "https://www.sec.gov/Archives/edgar/data/72971/000007297123000170/wfc-20230930.htm"
  },
  {
    "date": "2023-06-30",
    "symbol": "WFC",
    "reportedCurrency": "USD",
    "cik": "0000072971",
    "fillingDate": "2023-08-04",
    "acceptedDate": "2023-08-04 14:32:54",
    "calendarYear": "2023",
    "period": "Q2",
    "revenue": 20533000000,
    "costOfRevenue": 0,
    "grossProfit": 20533000000,
    "grossProfitRatio": 1,
    "researchAndDevelopmentExpenses": 0,
    "generalAndAdministrativeExpenses": 1304000000,
    "sellingAndMarketingExpenses": 184000000,
    "sellingGeneralAndAdministrativeExpenses": 11748000000,
    "otherExpenses": 1239000000,
    "operatingExpenses": 12987000000,
    "costAndExpenses": 12987000000,
    "interestIncome": 20830000000,
    "interestExpense": 7667000000,
    "depreciationAndAmortization": 1628000000,
    "ebitda": 7461000000,
    "ebitdaratio": 0.3633662884,
    "operatingIncome": 5833000000,
    "operatingIncomeRatio": 0.284079287,
    "totalOtherIncomeExpensesNet": -1628000000,
    "incomeBeforeTax": 5833000000,
    "incomeBeforeTaxRatio": 0.284079287,
    "incomeTaxExpense": 930000000,
    "netIncome": 4938000000,
    "netIncomeRatio": 0.2404909171,
    "eps": 1.26,
    "epsdiluted": 1.25,
    "weightedAverageShsOut": 3699900000,
    "weightedAverageShsOutDil": 3724900000,
    "link": "https://www.sec.gov/Archives/edgar/data/72971/000007297123000142/0000072971-23-000142-index.htm",
    "finalLink": "https://www.sec.gov/Archives/edgar/data/72971/000007297123000142/wfc-20230630.htm"
  },
  {
    "date": "2023-03-31",
    "symbol": "WFC",
    "reportedCurrency": "USD",
    "cik": "0000072971",
    "fillingDate": "2023-05-02",
    "acceptedDate": "2023-05-02 17:09:03",
    "calendarYear": "2023",
    "period": "Q1",
    "revenue": 20729000000,
    "costOfRevenue": 0,
    "grossProfit": 20729000000,
    "grossProfitRatio": 1,
    "researchAndDevelopmentExpenses": 0,
    "generalAndAdministrativeExpenses": 1229000000,
    "sellingAndMarketingExpenses": 154000000,
    "sellingGeneralAndAdministrativeExpenses": 12433000000,
    "otherExpenses": 1243000000,
    "operatingExpenses": 13676000000,
    "costAndExpenses": 13676000000,
    "interestIncome": 19356000000,
    "interestExpense": 6020000000,
    "depreciationAndAmortization": 1552000000,
    "ebitda": 0,
    "ebitdaratio": 0,
    "operatingIncome": 5846000000,
    "operatingIncomeRatio": 0.282020358,
    "totalOtherIncomeExpensesNet": -12827000000,
    "incomeBeforeTax": 5846000000,
    "incomeBeforeTaxRatio": 0.282020358,
    "incomeTaxExpense": 966000000,
    "netIncome": 4991000000,
    "netIncomeRatio": 0.2407737952,
    "eps": 1.25,
    "epsdiluted": 1.23,
    "weightedAverageShsOut": 3785600000,
    "weightedAverageShsOutDil": 3818700000,
    "link": "https://www.sec.gov/Archives/edgar/data/72971/000007297123000102/0000072971-23-000102-index.htm",
    "finalLink": "https://www.sec.gov/Archives/edgar/data/72971/000007297123000102/wfc-20230331.htm"
  },
  {
    "date": "2022-12-31",
    "symbol": "WFC",
    "reportedCurrency": "USD",
    "cik": "0000072971",
    "fillingDate": "2023-02-21",
    "acceptedDate": "2023-02-21 17:13:29",
    "calendarYear": "2022",
    "period": "Q4",
    "revenue": 19660000000,
    "costOfRevenue": 0,
    "grossProfit": 19660000000,
    "grossProfitRatio": 1,
    "researchAndDevelopmentExpenses": 0,
    "generalAndAdministrativeExpenses": 1357000000,
    "sellingAndMarketingExpenses": 178000000,
    "sellingGeneralAndAdministrativeExpenses": 11574000000,
    "otherExpenses": 4620000000,
    "operatingExpenses": 16194000000,
    "costAndExpenses": 16194000000,
    "interestIncome": 17793000000,
    "interestExpense": 4360000000,
    "depreciationAndAmortization": 1579000000,
    "ebitda": 0,
    "ebitdaratio": 0,
    "operatingIncome": 2493000000,
    "operatingIncomeRatio": 0.1268056968,
    "totalOtherIncomeExpensesNet": -5939000000,
    "incomeBeforeTax": 2501000000,
    "incomeBeforeTaxRatio": 0.1272126144,
    "incomeTaxExpense": 127000000,
    "netIncome": 2864000000,
    "netIncomeRatio": 0.1456765005,
    "eps": 0.68,
    "epsdiluted": 0.67,
    "weightedAverageShsOut": 3799900000,
    "weightedAverageShsOutDil": 3832700000,
    "link": "https://www.sec.gov/Archives/edgar/data/72971/000007297123000071/0000072971-23-000071-index.htm",
    "finalLink": "https://www.sec.gov/Archives/edgar/data/72971/000007297123000071/wfc-20221231.htm"
  },
  {
    "date": "2022-09-30",
    "symbol": "WFC",
    "reportedCurrency": "USD",
    "cik": "0000072971",
    "fillingDate": "2022-10-31",
    "acceptedDate": "2022-10-31 17:20:33",
    "calendarYear": "2022",
    "period": "Q3",
    "revenue": 19505000000,
    "costOfRevenue": 0,
    "grossProfit": 19505000000,
    "grossProfitRatio": 1,
    "researchAndDevelopmentExpenses": 0,
    "generalAndAdministrativeExpenses": 1235000000,
    "sellingAndMarketingExpenses": 126000000,
    "sellingGeneralAndAdministrativeExpenses": 11103000000,
    "otherExpenses": 3203000000,
    "operatingExpenses": 14306000000,
    "costAndExpenses": 14306000000,
    "interestIncome": 14494000000,
    "interestExpense": 2396000000,
    "depreciationAndAmortization": 1690000000,
    "ebitda": 0,
    "ebitdaratio": 0,
    "operatingIncome": 4476000000,
    "operatingIncomeRatio": 0.2294796206,
    "totalOtherIncomeExpensesNet": -4086000000,
    "incomeBeforeTax": 4476000000,
    "incomeBeforeTaxRatio": 0.2294796206,
    "incomeTaxExpense": 912000000,
    "netIncome": 3313000000,
    "netIncomeRatio": 0.1698538836,
    "eps": 0.87,
    "epsdiluted": 0.87,
    "weightedAverageShsOut": 3796500000,
    "weightedAverageShsOutDil": 3825100000,
    "link": "https://www.sec.gov/Archives/edgar/data/72971/000007297122000205/0000072971-22-000205-index.htm",
    "finalLink": "https://www.sec.gov/Archives/edgar/data/72971/000007297122000205/wfc-20220930.htm"
  },
  {
    "date": "2022-06-30",
    "symbol": "WFC",
    "reportedCurrency": "USD",
    "cik": "0000072971",
    "fillingDate": "2022-08-01",
    "acceptedDate": "2022-08-01 17:02:37",
    "calendarYear": "2022",
    "period": "Q2",
    "revenue": 17028000000,
    "costOfRevenue": 0,
    "grossProfit": 17028000000,
    "grossProfitRatio": 1,
    "researchAndDevelopmentExpenses": 0,
    "generalAndAdministrativeExpenses": 1310000000,
    "sellingAndMarketingExpenses": 102000000,
    "sellingGeneralAndAdministrativeExpenses": 11358000000,
    "otherExpenses": 1504000000,
    "operatingExpenses": 12862000000,
    "costAndExpenses": 12862000000,
    "interestIncome": 11556000000,
    "interestExpense": 1358000000,
    "depreciationAndAmortization": 1772000000,
    "ebitda": 0,
    "ebitdaratio": 0,
    "operatingIncome": 3598000000,
    "operatingIncomeRatio": 0.2112990369,
    "totalOtherIncomeExpensesNet": -1504000000,
    "incomeBeforeTax": 3598000000,
    "incomeBeforeTaxRatio": 0.2112990369,
    "incomeTaxExpense": 622000000,
    "netIncome": 2863000000,
    "netIncomeRatio": 0.1681348367,
    "eps": 0.75,
    "epsdiluted": 0.75,
    "weightedAverageShsOut": 3793800000,
    "weightedAverageShsOutDil": 3819600000,
    "link": "https://www.sec.gov/Archives/edgar/data/72971/000007297122000174/0000072971-22-000174-index.htm",
    "finalLink": "https://www.sec.gov/Archives/edgar/data/72971/000007297122000174/wfc-20220630.htm"
  },
  {
    "date": "2022-03-31",
    "symbol": "WFC",
    "reportedCurrency": "USD",
    "cik": "0000072971",
    "fillingDate": "2022-05-03",
    "acceptedDate": "2022-05-03 08:03:08",
    "calendarYear": "2022",
    "period": "Q1",
    "revenue": 17592000000,
    "costOfRevenue": 0,
    "grossProfit": 17592000000,
    "grossProfitRatio": 1,
    "researchAndDevelopmentExpenses": 0,
    "generalAndAdministrativeExpenses": 1286000000,
    "sellingAndMarketingExpenses": 99000000,
    "sellingGeneralAndAdministrativeExpenses": 12254000000,
    "otherExpenses": 1597000000,
    "operatingExpenses": 13851000000,
    "costAndExpenses": 13851000000,
    "interestIncome": 10181000000,
    "interestExpense": 960000000,
    "depreciationAndAmortization": 1791000000,
    "ebitda": 0,
    "ebitdaratio": 0,
    "operatingIncome": 4669000000,
    "operatingIncomeRatio": 0.2654047294,
    "totalOtherIncomeExpensesNet": -1597000000,
    "incomeBeforeTax": 4664000000,
    "incomeBeforeTaxRatio": 0.2651205093,
    "incomeTaxExpense": 746000000,
    "netIncome": 3509000000,
    "netIncomeRatio": 0.1994656662,
    "eps": 0.92,
    "epsdiluted": 0.91,
    "weightedAverageShsOut": 3831100000,
    "weightedAverageShsOutDil": 3868900000,
    "link": "https://www.sec.gov/Archives/edgar/data/72971/000007297122000113/0000072971-22-000113-index.htm",
    "finalLink": "https://www.sec.gov/Archives/edgar/data/72971/000007297122000113/wfc-20220331.htm"
  },
  {
    "date": "2021-12-31",
    "symbol": "WFC",
    "reportedCurrency": "USD",
    "cik": "0000072971",
    "fillingDate": "2022-02-22",
    "acceptedDate": "2022-02-22 17:01:56",
    "calendarYear": "2021",
    "period": "Q4",
    "revenue": 20856000000,
    "costOfRevenue": 0,
    "grossProfit": 20856000000,
    "grossProfitRatio": 1,
    "researchAndDevelopmentExpenses": 0,
    "generalAndAdministrativeExpenses": 1468000000,
    "sellingAndMarketingExpenses": 225000000,
    "sellingGeneralAndAdministrativeExpenses": 11720000000,
    "otherExpenses": 1396000000,
    "operatingExpenses": 13116000000,
    "costAndExpenses": 13116000000,
    "interestIncome": 10121000000,
    "interestExpense": 859000000,
    "depreciationAndAmortization": 2404000000,
    "ebitda": 0,
    "ebitdaratio": 0,
    "operatingIncome": 8094000000,
    "operatingIncomeRatio": 0.3880897583,
    "totalOtherIncomeExpensesNet": -1396000000,
    "incomeBeforeTax": 8110000000,
    "incomeBeforeTaxRatio": 0.3888569237,
    "incomeTaxExpense": 1711000000,
    "netIncome": 5470000000,
    "netIncomeRatio": 0.2622746452,
    "eps": 1.39,
    "epsdiluted": 1.39,
    "weightedAverageShsOut": 3945666655,
    "weightedAverageShsOutDil": 3964700000,
    "link": "https://www.sec.gov/Archives/edgar/data/72971/000007297122000096/0000072971-22-000096-index.htm",
    "finalLink": "https://www.sec.gov/Archives/edgar/data/72971/000007297122000096/wfc-20211231.htm"
  },
  {
    "date": "2021-09-30",
    "symbol": "WFC",
    "reportedCurrency": "USD",
    "cik": "0000072971",
    "fillingDate": "2021-11-01",
    "acceptedDate": "2021-11-01 17:19:43",
    "calendarYear": "2021",
    "period": "Q3",
    "revenue": 18834000000,
    "costOfRevenue": 0,
    "grossProfit": 18834000000,
    "grossProfitRatio": 1,
    "researchAndDevelopmentExpenses": 0,
    "generalAndAdministrativeExpenses": 1417000000,
    "sellingAndMarketingExpenses": 153000000,
    "sellingGeneralAndAdministrativeExpenses": 11739000000,
    "otherExpenses": 1568000000,
    "operatingExpenses": 13307000000,
    "costAndExpenses": 13307000000,
    "interestIncome": 9834000000,
    "interestExpense": 925000000,
    "depreciationAndAmortization": 1917000000,
    "ebitda": 0,
    "ebitdaratio": 0,
    "operatingIncome": 6931000000,
    "operatingIncomeRatio": 0.3680046724,
    "totalOtherIncomeExpensesNet": -1568000000,
    "incomeBeforeTax": 6926000000,
    "incomeBeforeTaxRatio": 0.3677391951,
    "incomeTaxExpense": 1521000000,
    "netIncome": 4787000000,
    "netIncomeRatio": 0.2541679941,
    "eps": 1.18,
    "epsdiluted": 1.17,
    "weightedAverageShsOut": 4090400000,
    "weightedAverageShsOutDil": 4091452991,
    "link": "https://www.sec.gov/Archives/edgar/data/72971/000007297121000317/0000072971-21-000317-index.htm",
    "finalLink": "https://www.sec.gov/Archives/edgar/data/72971/000007297121000317/wfc-20210930.htm"
  },
  {
    "date": "2021-06-30",
    "symbol": "WFC",
    "reportedCurrency": "USD",
    "cik": "0000072971",
    "fillingDate": "2021-07-28",
    "acceptedDate": "2021-07-28 17:19:54",
    "calendarYear": "2021",
    "period": "Q2",
    "revenue": 20270000000,
    "costOfRevenue": 0,
    "grossProfit": 20270000000,
    "grossProfitRatio": 1,
    "researchAndDevelopmentExpenses": 0,
    "generalAndAdministrativeExpenses": 1450000000,
    "sellingAndMarketingExpenses": 132000000,
    "sellingGeneralAndAdministrativeExpenses": 11950000000,
    "otherExpenses": 1428000000,
    "operatingExpenses": 13378000000,
    "costAndExpenses": 13378000000,
    "interestIncome": 9693000000,
    "interestExpense": 893000000,
    "depreciationAndAmortization": 1936000000,
    "ebitda": 18285000000,
    "ebitdaratio": 0.9020720276,
    "operatingIncome": 8222000000,
    "operatingIncomeRatio": 0.405624075,
    "totalOtherIncomeExpensesNet": -10096000000,
    "incomeBeforeTax": 8189000000,
    "incomeBeforeTaxRatio": 0.4039960533,
    "incomeTaxExpense": 1445000000,
    "netIncome": 5743000000,
    "netIncomeRatio": 0.283325111,
    "eps": 1.39,
    "epsdiluted": 1.38,
    "weightedAverageShsOut": 4156100000,
    "weightedAverageShsOutDil": 4158553637,
    "link": "https://www.sec.gov/Archives/edgar/data/72971/000007297121000267/0000072971-21-000267-index.htm",
    "finalLink": "https://www.sec.gov/Archives/edgar/data/72971/000007297121000267/wfc-20210630.htm"
  },
  {
    "date": "2021-03-31",
    "symbol": "WFC",
    "reportedCurrency": "USD",
    "cik": "0000072971",
    "fillingDate": "2021-05-05",
    "acceptedDate": "2021-05-05 17:16:44",
    "calendarYear": "2021",
    "period": "Q1",
    "revenue": 18063000000,
    "costOfRevenue": 0,
    "grossProfit": 18063000000,
    "grossProfitRatio": 1,
    "researchAndDevelopmentExpenses": 0,
    "generalAndAdministrativeExpenses": 1388000000,
    "sellingAndMarketingExpenses": 90000000,
    "sellingGeneralAndAdministrativeExpenses": 12650000000,
    "otherExpenses": 1339000000,
    "operatingExpenses": 13989000000,
    "costAndExpenses": 13989000000,
    "interestIncome": 10036000000,
    "interestExpense": 1238000000,
    "depreciationAndAmortization": 2150000000,
    "ebitda": 8975000000,
    "ebitdaratio": 0.4968720589,
    "operatingIncome": 5604000000,
    "operatingIncomeRatio": 0.3102474672,
    "totalOtherIncomeExpensesNet": -1339000000,
    "incomeBeforeTax": 5591000000,
    "incomeBeforeTaxRatio": 0.3095277639,
    "incomeTaxExpense": 901000000,
    "netIncome": 4256000000,
    "netIncomeRatio": 0.2356197752,
    "eps": 1.03,
    "epsdiluted": 1.02,
    "weightedAverageShsOut": 4171000000,
    "weightedAverageShsOutDil": 4172549019,
    "link": "https://www.sec.gov/Archives/edgar/data/72971/000007297121000221/0000072971-21-000221-index.htm",
    "finalLink": "https://www.sec.gov/Archives/edgar/data/72971/000007297121000221/wfc-20210331.htm"
  },
  {
    "date": "2020-12-31",
    "symbol": "WFC",
    "reportedCurrency": "USD",
    "cik": "0000072971",
    "fillingDate": "2021-02-23",
    "acceptedDate": "2021-02-23 16:58:04",
    "calendarYear": "2020",
    "period": "Q4",
    "revenue": 17925000000,
    "costOfRevenue": 0,
    "grossProfit": 17925000000,
    "grossProfitRatio": 1,
    "researchAndDevelopmentExpenses": 0,
    "generalAndAdministrativeExpenses": 1664000000,
    "sellingAndMarketingExpenses": 138000000,
    "sellingGeneralAndAdministrativeExpenses": 12414000000,
    "otherExpenses": 2459000000,
    "operatingExpenses": 14873000000,
    "costAndExpenses": 14873000000,
    "interestIncome": 10470000000,
    "interestExpense": 1195000000,
    "depreciationAndAmortization": 2292000000,
    "ebitda": 5594000000,
    "ebitdaratio": 0.3120781032,
    "operatingIncome": 4647000000,
    "operatingIncomeRatio": 0.2592468619,
    "totalOtherIncomeExpensesNet": -1728000000,
    "incomeBeforeTax": 3866000000,
    "incomeBeforeTaxRatio": 0.2156764296,
    "incomeTaxExpense": 574000000,
    "netIncome": 2642000000,
    "netIncomeRatio": 0.1473919107,
    "eps": 0.66,
    "epsdiluted": 0.66,
    "weightedAverageShsOut": 4151300000,
    "weightedAverageShsOutDil": 4178239011,
    "link": "https://www.sec.gov/Archives/edgar/data/72971/000007297121000197/0000072971-21-000197-index.htm",
    "finalLink": "https://www.sec.gov/Archives/edgar/data/72971/000007297121000197/wfc-20201231.htm"
  },
  {
    "date": "2020-09-30",
    "symbol": "WFC",
    "reportedCurrency": "USD",
    "cik": "0000072971",
    "fillingDate": "2020-11-02",
    "acceptedDate": "2020-11-02 16:09:12",
    "calendarYear": "2020",
    "period": "Q3",
    "revenue": 18862000000,
    "costOfRevenue": 0,
    "grossProfit": 18862000000,
    "grossProfitRatio": 1,
    "researchAndDevelopmentExpenses": 0,
    "generalAndAdministrativeExpenses": 1760000000,
    "sellingAndMarketingExpenses": 144000000,
    "sellingGeneralAndAdministrativeExpenses": 12170000000,
    "otherExpenses": 3066000000,
    "operatingExpenses": 15236000000,
    "costAndExpenses": 15236000000,
    "interestIncome": 9368000000,
    "interestExpense": 1432000000,
    "depreciationAndAmortization": 2279000000,
    "ebitda": 0,
    "ebitdaratio": 0,
    "operatingIncome": 4043000000,
    "operatingIncomeRatio": 0.2143463047,
    "totalOtherIncomeExpensesNet": -3066000000,
    "incomeBeforeTax": 3318000000,
    "incomeBeforeTaxRatio": 0.1759092355,
    "incomeTaxExpense": 83000000,
    "netIncome": 2901000000,
    "netIncomeRatio": 0.1538012936,
    "eps": 0.7,
    "epsdiluted": 0.7,
    "weightedAverageShsOut": 4132200000,
    "weightedAverageShsOutDil": 4144285714,
    "link": "https://www.sec.gov/Archives/edgar/data/72971/000007297120000338/0000072971-20-000338-index.htm",
    "finalLink": "https://www.sec.gov/Archives/edgar/data/72971/000007297120000338/wfc-20200930.htm"
  },
  {
    "date": "2020-06-30",
    "symbol": "WFC",
    "reportedCurrency": "USD",
    "cik": "0000072971",
    "fillingDate": "2020-08-04",
    "acceptedDate": "2020-08-04 09:53:20",
    "calendarYear": "2020",
    "period": "Q2",
    "revenue": 17867000000,
    "costOfRevenue": 0,
    "grossProfit": 17867000000,
    "grossProfitRatio": 1,
    "researchAndDevelopmentExpenses": 0,
    "generalAndAdministrativeExpenses": 1676000000,
    "sellingAndMarketingExpenses": 137000000,
    "sellingGeneralAndAdministrativeExpenses": 12272000000,
    "otherExpenses": 2309000000,
    "operatingExpenses": 14581000000,
    "costAndExpenses": 14581000000,
    "interestIncome": 11801000000,
    "interestExpense": 1921000000,
    "depreciationAndAmortization": 1990000000,
    "ebitda": 0,
    "ebitdaratio": 0,
    "operatingIncome": -5769000000,
    "operatingIncomeRatio": -0.3228857671,
    "totalOtherIncomeExpensesNet": -2309000000,
    "incomeBeforeTax": -5799000000,
    "incomeBeforeTaxRatio": -0.3245648402,
    "incomeTaxExpense": 2001000000,
    "netIncome": -4160000000,
    "netIncomeRatio": -0.232831477,
    "eps": -1.01,
    "epsdiluted": -1.01,
    "weightedAverageShsOut": 4105500000,
    "weightedAverageShsOutDil": 4105503545,
    "link": "https://www.sec.gov/Archives/edgar/data/72971/000007297120000288/0000072971-20-000288-index.htm",
    "finalLink": "https://www.sec.gov/Archives/edgar/data/72971/000007297120000288/wfc-0630x2020x10q.htm"
  },
  {
    "date": "2020-03-31",
    "symbol": "WFC",
    "reportedCurrency": "USD",
    "cik": "0000072971",
    "fillingDate": "2020-05-05",
    "acceptedDate": "2020-05-05 15:25:29",
    "calendarYear": "2020",
    "period": "Q1",
    "revenue": 17545000000,
    "costOfRevenue": 0,
    "grossProfit": 17545000000,
    "grossProfitRatio": 1,
    "researchAndDevelopmentExpenses": 0,
    "generalAndAdministrativeExpenses": 1606000000,
    "sellingAndMarketingExpenses": 181000000,
    "sellingGeneralAndAdministrativeExpenses": 11623000000,
    "otherExpenses": 1425000000,
    "operatingExpenses": 13048000000,
    "costAndExpenses": 13048000000,
    "interestIncome": 14727000000,
    "interestExpense": 3415000000,
    "depreciationAndAmortization": 1868000000,
    "ebitda": 0,
    "ebitdaratio": 0,
    "operatingIncome": 1120000000,
    "operatingIncomeRatio": 0.0638358507,
    "totalOtherIncomeExpensesNet": -950000000,
    "incomeBeforeTax": 1120000000,
    "incomeBeforeTaxRatio": 0.0638358507,
    "incomeTaxExpense": 353000000,
    "netIncome": 304000000,
    "netIncomeRatio": 0.0173268738,
    "eps": 0.0701,
    "epsdiluted": 0.0741,
    "weightedAverageShsOut": 4338023345,
    "weightedAverageShsOutDil": 4104899999,
    "link": "https://www.sec.gov/Archives/edgar/data/72971/000007297120000236/0000072971-20-000236-index.htm",
    "finalLink": "https://www.sec.gov/Archives/edgar/data/72971/000007297120000236/wfc-0331x2020x10q.htm"
  }
]