[
  {
    "date": "2024-12-31",
    "symbol": "PFE",
    "reportedCurrency": "USD",
    "cik": "0000078003",
    "fillingDate": "2025-02-27",
    "acceptedDate": "2025-02-27 16:27:18",
    "calendarYear": "2024",
    "period": "FY",
    "revenue": 63627000000,
    "costOfRevenue": 16420000000,
    "grossProfit": 47207000000,
    "grossProfitRatio": 0.7419334559,
    "researchAndDevelopmentExpenses": 10822000000,
    "generalAndAdministrativeExpenses": 0,
    "sellingAndMarketingExpenses": 0,
    "sellingGeneralAndAdministrativeExpenses": 14730000000,
    "otherExpenses": 0,
    "operatingExpenses": 25552000000,
    "costAndExpenses": 42121000000,
    "interestIncome": 545000000,
    "interestExpense": 3091000000,
    "depreciationAndAmortization": 7013000000,
    "ebitda": 18127000000,
    "ebitdaratio": 0.2848947774,
    "operatingIncome": 14938000000,
    "operatingIncomeRatio": 0.2347745454,
    "totalOtherIncomeExpensesNet": -6915000000,
    "incomeBeforeTax": 8023000000,
    "incomeBeforeTaxRatio": 0.1260942682,
    "incomeTaxExpense": -28000000,
    "netIncome": 8031000000,
    "netIncomeRatio": 0.1262200009,
    "eps": 1.42,
    "epsdiluted": 1.41,
    "weightedAverageShsOut": 5664000000,
    "weightedAverageShsOutDil": 5700000000,
    "link": "https://www.sec.gov/Archives/edgar/data/78003/000007800325000054/0000078003-25-000054-index.htm",
    "finalLink": "https://www.sec.gov/Archives/edgar/data/78003/000007800325000054/pfe-20241231.htm"
  },
  {
    "date": "2023-12-31",
    "symbol": "PFE",
    "reportedCurrency": "USD",
    "cik": "0000078003",
    "fillingDate": "2024-02-22",
    "acceptedDate": "2024-02-22 13:17:37",
    "calendarYear": "2023",
    "period": "FY",
    "revenue": 58496000000,
    "costOfRevenue": 29687000000,
    "grossProfit": 28809000000,
    "grossProfitRatio": 0.4924952133,
    "researchAndDevelopmentExpenses": 10679000000,
    "generalAndAdministrativeExpenses": 11071000000,
    "sellingAndMarketingExpenses": 3700000000,
    "sellingGeneralAndAdministrativeExpenses": 14771000000,
    "otherExpenses": 0,
    "operatingExpenses": 25450000000,
    "costAndExpenses": 55137000000,
    "interestIncome": 1624000000,
    "interestExpense": 2209000000,
    "depreciationAndAmortization": 6290000000,
    "ebitda": 9557000000,
    "ebitdaratio": 0.1633786926,
    "operatingIncome": 3359000000,
    "operatingIncomeRatio": 0.0574227298,
    "totalOtherIncomeExpensesNet": -2301000000,
    "incomeBeforeTax": 1058000000,
    "incomeBeforeTaxRatio": 0.0180867068,
    "incomeTaxExpense": -1114000000,
    "netIncome": 2119000000,
    "netIncomeRatio": 0.0362246991,
    "eps": 0.38,
    "epsdiluted": 0.37,
    "weightedAverageShsOut": 5643000000,
    "weightedAverageShsOutDil": 5709000000,
    "link": "https://www.sec.gov/Archives/edgar/data/78003/000007800324000039/0000078003-24-000039-index.htm",
    "finalLink": "https://www.sec.gov/Archives/edgar/data/78003/000007800324000039/pfe-20231231.htm"
  },
  {
    "date": "2022-12-31",
    "symbol": "PFE",
    "reportedCurrency": "USD",
    "cik": "0000078003",
    "fillingDate": "2023-02-23",
    "acceptedDate": "2023-02-23 14:12:53",
    "calendarYear": "2022",
    "period": "FY",
    "revenue": 100330000000,
    "costOfRevenue": 34344000000,
    "grossProfit": 65986000000,
    "grossProfitRatio": 0.6576896242,
    "researchAndDevelopmentExpenses": 11428000000,
    "generalAndAdministrativeExpenses": 10877000000,
    "sellingAndMarketingExpenses": 2800000000,
    "sellingGeneralAndAdministrativeExpenses": 13677000000,
    "otherExpenses": 3609000000,
    "operatingExpenses": 28714000000,
    "costAndExpenses": 63058000000,
    "interestIncome": 251000000,
    "interestExpense": 1238000000,
    "depreciationAndAmortization": 5064000000,
    "ebitda": 41031000000,
    "ebitdaratio": 0.4089604306,
    "operatingIncome": 40030000000,
    "operatingIncomeRatio": 0.3989833549,
    "totalOtherIncomeExpensesNet": -2543000000,
    "incomeBeforeTax": 34729000000,
    "incomeBeforeTaxRatio": 0.3461477125,
    "incomeTaxExpense": 3328000000,
    "netIncome": 31372000000,
    "netIncomeRatio": 0.3126881292,
    "eps": 5.59,
    "epsdiluted": 5.47,
    "weightedAverageShsOut": 5608000000,
    "weightedAverageShsOutDil": 5733000000,
    "link": "https://www.sec.gov/Archives/edgar/data/78003/000007800323000024/0000078003-23-000024-index.htm",
    "finalLink": "https://www.sec.gov/Archives/edgar/data/78003/000007800323000024/pfe-20221231.htm"
  },
  {
    "date": "2021-12-31",
    "symbol": "PFE",
    "reportedCurrency": "USD",
    "cik": "0000078003",
    "fillingDate": "2022-02-24",
    "acceptedDate": "2022-02-24 14:25:01",
    "calendarYear": "2021",
    "period": "FY",
    "revenue": 81288000000,
    "costOfRevenue": 30821000000,
    "grossProfit": 50467000000,
    "grossProfitRatio": 0.6208419447,
    "researchAndDevelopmentExpenses": 13829000000,
    "generalAndAdministrativeExpenses": 10703000000,
    "sellingAndMarketingExpenses": 2000000000,
    "sellingGeneralAndAdministrativeExpenses": 12703000000,
    "otherExpenses": 3700000000,
    "operatingExpenses": 30232000000,
    "costAndExpenses": 61053000000,
    "interestIncome": 36000000,
    "interestExpense": 1291000000,
    "depreciationAndAmortization": 5191000000,
    "ebitda": 30793000000,
    "ebitdaratio": 0.378813601,
    "operatingIncome": 24833000000,
    "operatingIncomeRatio": 0.3054940459,
    "totalOtherIncomeExpensesNet": -2669000000,
    "incomeBeforeTax": 24311000000,
    "incomeBeforeTaxRatio": 0.2990724338,
    "incomeTaxExpense": 1852000000,
    "netIncome": 21979000000,
    "netIncomeRatio": 0.2703843126,
    "eps": 3.95,
    "epsdiluted": 3.88,
    "weightedAverageShsOut": 5601000000,
    "weightedAverageShsOutDil": 5708000000,
    "link": "https://www.sec.gov/Archives/edgar/data/78003/000007800322000027/0000078003-22-000027-index.htm",
    "finalLink": "https://www.sec.gov/Archives/edgar/data/78003/000007800322000027/pfe-20211231.htm"
  },
  {
    "date": "2020-12-31",
    "symbol": "PFE",
    "reportedCurrency": "USD",
    "cik": "0000078003",
    "fillingDate": "2021-02-25",
    "acceptedDate": "2021-02-25 13:59:00",
    "calendarYear": "2020",
    "period": "FY",
    "revenue": 41908000000,
    "costOfRevenue": 8692000000,
    "grossProfit": 33216000000,
    "grossProfitRatio": 0.7925932996,
    "researchAndDevelopmentExpenses": 9405000000,
    "generalAndAdministrativeExpenses": 9815000000,
    "sellingAndMarketingExpenses": 1800000000,
    "sellingGeneralAndAdministrativeExpenses": 11615000000,
    "otherExpenses": 3436000000,
    "operatingExpenses": 24456000000,
    "costAndExpenses": 33148000000,
    "interestIncome": 73000000,
    "interestExpense": 1449000000,
    "depreciationAndAmortization": 4681000000,
    "ebitda": 13168000000,
    "ebitdaratio": 0.3142120836,
    "operatingIncome": 10630000000,
    "operatingIncomeRatio": 0.2536508543,
    "totalOtherIncomeExpensesNet": -3594000000,
    "incomeBeforeTax": 7497000000,
    "incomeBeforeTaxRatio": 0.1788918584,
    "incomeTaxExpense": 477000000,
    "netIncome": 7020000000,
    "netIncomeRatio": 0.1675097833,
    "eps": 1.26,
    "epsdiluted": 1.25,
    "weightedAverageShsOut": 5555000000,
    "weightedAverageShsOutDil": 5632000000,
    "link": "https://www.sec.gov/Archives/edgar/data/78003/000007800321000038/0000078003-21-000038-index.htm",
    "finalLink": "https://www.sec.gov/Archives/edgar/data/78003/000007800321000038/pfe-20201231.htm"
  },
  {
    "date": "2019-12-31",
    "symbol": "PFE",
    "reportedCurrency": "USD",
    "cik": "0000078003",
    "fillingDate": "2020-02-27",
    "acceptedDate": "2020-02-27 14:15:12",
    "calendarYear": "2019",
    "period": "FY",
    "revenue": 51750000000,
    "costOfRevenue": 10219000000,
    "grossProfit": 41531000000,
    "grossProfitRatio": 0.802531401,
    "researchAndDevelopmentExpenses": 8650000000,
    "generalAndAdministrativeExpenses": 12050000000,
    "sellingAndMarketingExpenses": 2300000000,
    "sellingGeneralAndAdministrativeExpenses": 14350000000,
    "otherExpenses": 4610000000,
    "operatingExpenses": 27610000000,
    "costAndExpenses": 37829000000,
    "interestIncome": 226000000,
    "interestExpense": 1574000000,
    "depreciationAndAmortization": 5795000000,
    "ebitda": 18853000000,
    "ebitdaratio": 0.3643091787,
    "operatingIncome": 15137000000,
    "operatingIncomeRatio": 0.2925024155,
    "totalOtherIncomeExpensesNet": -3652000000,
    "incomeBeforeTax": 17682000000,
    "incomeBeforeTaxRatio": 0.3416811594,
    "incomeTaxExpense": 1384000000,
    "netIncome": 16273000000,
    "netIncomeRatio": 0.3144541063,
    "eps": 2.92,
    "epsdiluted": 2.87,
    "weightedAverageShsOut": 5569000000,
    "weightedAverageShsOutDil": 5675000000,
    "link": "https://www.sec.gov/Archives/edgar/data/78003/000007800320000014/0000078003-20-000014-index.htm",
    "finalLink": "https://www.sec.gov/Archives/edgar/data/78003/000007800320000014/pfe-12312019x10kshell.htm"
  },
  {
    "date": "2018-12-31",
    "symbol": "PFE",
    "reportedCurrency": "USD",
    "cik": "0000078003",
    "fillingDate": "2019-02-28",
    "acceptedDate": "2019-02-28 14:35:32",
    "calendarYear": "2018",
    "period": "FY",
    "revenue": 53647000000,
    "costOfRevenue": 11248000000,
    "grossProfit": 42399000000,
    "grossProfitRatio": 0.7903331034,
    "researchAndDevelopmentExpenses": 8006000000,
    "generalAndAdministrativeExpenses": 11755000000,
    "sellingAndMarketingExpenses": 2700000000,
    "sellingGeneralAndAdministrativeExpenses": 14455000000,
    "otherExpenses": 1140000000,
    "operatingExpenses": 27354000000,
    "costAndExpenses": 38602000000,
    "interestIncome": 333000000,
    "interestExpense": 1316000000,
    "depreciationAndAmortization": 6384000000,
    "ebitda": 19585000000,
    "ebitdaratio": 0.3650716722,
    "operatingIncome": 15045000000,
    "operatingIncomeRatio": 0.2804443865,
    "totalOtherIncomeExpensesNet": 5155000000,
    "incomeBeforeTax": 11885000000,
    "incomeBeforeTaxRatio": 0.2215408131,
    "incomeTaxExpense": 706000000,
    "netIncome": 11153000000,
    "netIncomeRatio": 0.2078960613,
    "eps": 1.9,
    "epsdiluted": 1.87,
    "weightedAverageShsOut": 5872000000,
    "weightedAverageShsOutDil": 5977000000,
    "link": "https://www.sec.gov/Archives/edgar/data/78003/000007800319000015/0000078003-19-000015-index.htm",
    "finalLink": "https://www.sec.gov/Archives/edgar/data/78003/000007800319000015/pfe-12312018x10kshell.htm"
  },
  {
    "date": "2017-12-31",
    "symbol": "PFE",
    "reportedCurrency": "USD",
    "cik": "0000078003",
    "fillingDate": "2018-02-22",
    "acceptedDate": "2018-02-22 15:42:15",
    "calendarYear": "2017",
    "period": "FY",
    "revenue": 52546000000,
    "costOfRevenue": 11240000000,
    "grossProfit": 41306000000,
    "grossProfitRatio": 0.7860921859,
    "researchAndDevelopmentExpenses": 7657000000,
    "generalAndAdministrativeExpenses": 11684000000,
    "sellingAndMarketingExpenses": 3100000000,
    "sellingGeneralAndAdministrativeExpenses": 14784000000,
    "otherExpenses": 981000000,
    "operatingExpenses": 27199000000,
    "costAndExpenses": 38439000000,
    "interestIncome": 391000000,
    "interestExpense": 1270000000,
    "depreciationAndAmortization": 6269000000,
    "ebitda": 19844000000,
    "ebitdaratio": 0.377650059,
    "operatingIncome": 14107000000,
    "operatingIncomeRatio": 0.2684695315,
    "totalOtherIncomeExpensesNet": -1768000000,
    "incomeBeforeTax": 12305000000,
    "incomeBeforeTaxRatio": 0.2341757698,
    "incomeTaxExpense": -9049000000,
    "netIncome": 21308000000,
    "netIncomeRatio": 0.4055113615,
    "eps": 3.57,
    "epsdiluted": 3.52,
    "weightedAverageShsOut": 5970000000,
    "weightedAverageShsOutDil": 6058000000,
    "link": "https://www.sec.gov/Archives/edgar/data/78003/000007800318000027/0000078003-18-000027-index.htm",
    "finalLink": "https://www.sec.gov/Archives/edgar/data/78003/000007800318000027/pfe-12312017x10kshell.htm"
  },
  {
    "date": "2016-12-31",
    "symbol": "PFE",
    "reportedCurrency": "USD",
    "cik": "0000078003",
    "fillingDate": "2017-02-23",
    "acceptedDate": "2017-02-23 16:30:32",
    "calendarYear": "2016",
    "period": "FY",
    "revenue": 52824000000,
    "costOfRevenue": 12329000000,
    "grossProfit": 40495000000,
    "grossProfitRatio": 0.766602302,
    "researchAndDevelopmentExpenses": 7872000000,
    "generalAndAdministrativeExpenses": 11637000000,
    "sellingAndMarketingExpenses": 3200000000,
    "sellingGeneralAndAdministrativeExpenses": 14837000000,
    "otherExpenses": 820000000,
    "operatingExpenses": 26765000000,
    "costAndExpenses": 39094000000,
    "interestIncome": 470000000,
    "interestExpense": 1186000000,
    "depreciationAndAmortization": 5757000000,
    "ebitda": 15294000000,
    "ebitdaratio": 0.2895274875,
    "operatingIncome": 13730000000,
    "operatingIncomeRatio": 0.2599197335,
    "totalOtherIncomeExpensesNet": -5359000000,
    "incomeBeforeTax": 8351000000,
    "incomeBeforeTaxRatio": 0.1580910192,
    "incomeTaxExpense": 1123000000,
    "netIncome": 7215000000,
    "netIncomeRatio": 0.1365856429,
    "eps": 1.18,
    "epsdiluted": 1.17,
    "weightedAverageShsOut": 6089000000,
    "weightedAverageShsOutDil": 6159000000,
    "link": "https://www.sec.gov/Archives/edgar/data/78003/000007800317000014/0000078003-17-000014-index.htm",
    "finalLink": "https://www.sec.gov/Archives/edgar/data/78003/000007800317000014/pfe-12312016x10kshell.htm"
  },
  {
    "date": "2015-12-31",
    "symbol": "PFE",
    "reportedCurrency": "USD",
    "cik": "0000078003",
    "fillingDate": "2016-02-29",
    "acceptedDate": "2016-02-29 17:26:35",
    "calendarYear": "2015",
    "period": "FY",
    "revenue": 48851000000,
    "costOfRevenue": 9648000000,
    "grossProfit": 39203000000,
    "grossProfitRatio": 0.8025014841,
    "researchAndDevelopmentExpenses": 7690000000,
    "generalAndAdministrativeExpenses": 11709000000,
    "sellingAndMarketingExpenses": 3100000000,
    "sellingGeneralAndAdministrativeExpenses": 14809000000,
    "otherExpenses": 519000000,
    "operatingExpenses": 26227000000,
    "costAndExpenses": 35875000000,
    "interestIncome": 471000000,
    "interestExpense": 1199000000,
    "depreciationAndAmortization": 3728000000,
    "ebitda": 15321000000,
    "ebitdaratio": 0.313627152,
    "operatingIncome": 12976000000,
    "operatingIncomeRatio": 0.2656240404,
    "totalOtherIncomeExpensesNet": -4011000000,
    "incomeBeforeTax": 8965000000,
    "incomeBeforeTaxRatio": 0.1835172259,
    "incomeTaxExpense": 1990000000,
    "netIncome": 6960000000,
    "netIncomeRatio": 0.1424740538,
    "eps": 1.13,
    "epsdiluted": 1.11,
    "weightedAverageShsOut": 6176000000,
    "weightedAverageShsOutDil": 6257000000,
    "link": "https://www.sec.gov/Archives/edgar/data/78003/000007800316000077/0000078003-16-000077-index.htm",
    "finalLink": "https://www.sec.gov/Archives/edgar/data/78003/000007800316000077/pfe-12312015x10kshell.htm"
  }
]