[
  {
    "date": "2024-12-31",
    "symbol": "PFE",
    "reportedCurrency": "USD",
    "cik": "0000078003",
    "fillingDate": "2025-02-27",
    "acceptedDate": "2025-02-27 16:27:18",
    "calendarYear": "2024",
    "period": "Q4",
    "revenue": 17763000000,
    "costOfRevenue": 5909000000,
    "grossProfit": 11854000000,
    "grossProfitRatio": 0.6673422282,
    "researchAndDevelopmentExpenses": 3035000000,
    "generalAndAdministrativeExpenses": 1437000000,
    "sellingAndMarketingExpenses": 3300000000,
    "sellingGeneralAndAdministrativeExpenses": 4274000000,
    "otherExpenses": 1359000000,
    "operatingExpenses": 8668000000,
    "costAndExpenses": 13362000000,
    "interestIncome": 170000000,
    "interestExpense": 739000000,
    "depreciationAndAmortization": 1791000000,
    "ebitda": 2520000000,
    "ebitdaratio": 0.1418679277,
    "operatingIncome": 3187000000,
    "operatingIncomeRatio": 0.1794178911,
    "totalOtherIncomeExpensesNet": -3197000000,
    "incomeBeforeTax": -10000000,
    "incomeBeforeTaxRatio": -0.000562968,
    "incomeTaxExpense": -421000000,
    "netIncome": 410000000,
    "netIncomeRatio": 0.0230816867,
    "eps": 0.0702,
    "epsdiluted": 0.0719,
    "weightedAverageShsOut": 5667000000,
    "weightedAverageShsOutDil": 5703000000,
    "link": "https://www.sec.gov/Archives/edgar/data/78003/000007800325000054/0000078003-25-000054-index.htm",
    "finalLink": "https://www.sec.gov/Archives/edgar/data/78003/000007800325000054/pfe-20241231.htm"
  },
  {
    "date": "2024-09-29",
    "symbol": "PFE",
    "reportedCurrency": "USD",
    "cik": "0000078003",
    "fillingDate": "2024-11-04",
    "acceptedDate": "2024-11-04 16:06:08",
    "calendarYear": "2024",
    "period": "Q3",
    "revenue": 17702000000,
    "costOfRevenue": 6575000000,
    "grossProfit": 11127000000,
    "grossProfitRatio": 0.6285730426,
    "researchAndDevelopmentExpenses": 2598000000,
    "generalAndAdministrativeExpenses": 0,
    "sellingAndMarketingExpenses": 0,
    "sellingGeneralAndAdministrativeExpenses": 3244000000,
    "otherExpenses": 0,
    "operatingExpenses": 5842000000,
    "costAndExpenses": 12417000000,
    "interestIncome": 116000000,
    "interestExpense": 783000000,
    "depreciationAndAmortization": 1755000000,
    "ebitda": 7253000000,
    "ebitdaratio": 0.4097277144,
    "operatingIncome": 5284000000,
    "operatingIncomeRatio": 0.2984973449,
    "totalOtherIncomeExpensesNet": -569000000,
    "incomeBeforeTax": 4715000000,
    "incomeBeforeTaxRatio": 0.2663540843,
    "incomeTaxExpense": 234000000,
    "netIncome": 4465000000,
    "netIncomeRatio": 0.2522313863,
    "eps": 0.79,
    "epsdiluted": 0.78,
    "weightedAverageShsOut": 5667000000,
    "weightedAverageShsOutDil": 5705000000,
    "link": "https://www.sec.gov/Archives/edgar/data/78003/000007800324000191/0000078003-24-000191-index.htm",
    "finalLink": "https://www.sec.gov/Archives/edgar/data/78003/000007800324000191/pfe-20240929.htm"
  },
  {
    "date": "2024-06-30",
    "symbol": "PFE",
    "reportedCurrency": "USD",
    "cik": "0000078003",
    "fillingDate": "2024-08-05",
    "acceptedDate": "2024-08-05 15:54:43",
    "calendarYear": "2024",
    "period": "Q2",
    "revenue": 13283000000,
    "costOfRevenue": 5040000000,
    "grossProfit": 8243000000,
    "grossProfitRatio": 0.6205676429,
    "researchAndDevelopmentExpenses": 2676000000,
    "generalAndAdministrativeExpenses": 0,
    "sellingAndMarketingExpenses": 0,
    "sellingGeneralAndAdministrativeExpenses": 3688000000,
    "otherExpenses": 230000000,
    "operatingExpenses": 6364000000,
    "costAndExpenses": 11404000000,
    "interestIncome": 130000000,
    "interestExpense": 778000000,
    "depreciationAndAmortization": 1731000000,
    "ebitda": 2405000000,
    "ebitdaratio": 0.1810584958,
    "operatingIncome": 1879000000,
    "operatingIncomeRatio": 0.1414590078,
    "totalOtherIncomeExpensesNet": -1982000000,
    "incomeBeforeTax": -103000000,
    "incomeBeforeTaxRatio": -0.0077542724,
    "incomeTaxExpense": -134000000,
    "netIncome": 24000000,
    "netIncomeRatio": 0.0018068207,
    "eps": 0.0042,
    "epsdiluted": 0.0042,
    "weightedAverageShsOut": 5666000000,
    "weightedAverageShsOutDil": 5696000000,
    "link": "https://www.sec.gov/Archives/edgar/data/78003/000007800324000166/0000078003-24-000166-index.htm",
    "finalLink": "https://www.sec.gov/Archives/edgar/data/78003/000007800324000166/pfe-20240630.htm"
  },
  {
    "date": "2024-03-31",
    "symbol": "PFE",
    "reportedCurrency": "USD",
    "cik": "0000078003",
    "fillingDate": "2024-05-08",
    "acceptedDate": "2024-05-08 15:56:17",
    "calendarYear": "2024",
    "period": "Q1",
    "revenue": 14879000000,
    "costOfRevenue": 4381000000,
    "grossProfit": 10498000000,
    "grossProfitRatio": 0.7055581692,
    "researchAndDevelopmentExpenses": 2480000000,
    "generalAndAdministrativeExpenses": 0,
    "sellingAndMarketingExpenses": 0,
    "sellingGeneralAndAdministrativeExpenses": 3459000000,
    "otherExpenses": 361000000,
    "operatingExpenses": 5939000000,
    "costAndExpenses": 10320000000,
    "interestIncome": 129000000,
    "interestExpense": 790000000,
    "depreciationAndAmortization": 1736000000,
    "ebitda": 5948000000,
    "ebitdaratio": 0.3997580483,
    "operatingIncome": 4559000000,
    "operatingIncomeRatio": 0.3064050003,
    "totalOtherIncomeExpensesNet": -1138000000,
    "incomeBeforeTax": 3421000000,
    "incomeBeforeTaxRatio": 0.2299213657,
    "incomeTaxExpense": 293000000,
    "netIncome": 3115000000,
    "netIncomeRatio": 0.2093554674,
    "eps": 0.55,
    "epsdiluted": 0.55,
    "weightedAverageShsOut": 5657000000,
    "weightedAverageShsOutDil": 5697000000,
    "link": "https://www.sec.gov/Archives/edgar/data/78003/000007800324000107/0000078003-24-000107-index.htm",
    "finalLink": "https://www.sec.gov/Archives/edgar/data/78003/000007800324000107/pfe-20240331.htm"
  },
  {
    "date": "2023-12-31",
    "symbol": "PFE",
    "reportedCurrency": "USD",
    "cik": "0000078003",
    "fillingDate": "2024-02-22",
    "acceptedDate": "2024-02-22 13:17:37",
    "calendarYear": "2023",
    "period": "Q4",
    "revenue": 14249000000,
    "costOfRevenue": 8592000000,
    "grossProfit": 5657000000,
    "grossProfitRatio": 0.3970103165,
    "researchAndDevelopmentExpenses": 2773000000,
    "generalAndAdministrativeExpenses": 777000000,
    "sellingAndMarketingExpenses": 3700000000,
    "sellingGeneralAndAdministrativeExpenses": 4477000000,
    "otherExpenses": 1030000000,
    "operatingExpenses": 7250000000,
    "costAndExpenses": 15842000000,
    "interestIncome": 609000000,
    "interestExpense": 688000000,
    "depreciationAndAmortization": 1670000000,
    "ebitda": -1771000000,
    "ebitdaratio": -0.1242894238,
    "operatingIncome": -1593000000,
    "operatingIncomeRatio": -0.1117973191,
    "totalOtherIncomeExpensesNet": -2536000000,
    "incomeBeforeTax": -4129000000,
    "incomeBeforeTaxRatio": -0.289774721,
    "incomeTaxExpense": -794000000,
    "netIncome": -3344000000,
    "netIncomeRatio": -0.2346831357,
    "eps": -0.59,
    "epsdiluted": -0.59,
    "weightedAverageShsOut": 5647000000,
    "weightedAverageShsOutDil": 5647000000,
    "link": "https://www.sec.gov/Archives/edgar/data/78003/000007800324000039/0000078003-24-000039-index.htm",
    "finalLink": "https://www.sec.gov/Archives/edgar/data/78003/000007800324000039/pfe-20231231.htm"
  },
  {
    "date": "2023-10-01",
    "symbol": "PFE",
    "reportedCurrency": "USD",
    "cik": "0000078003",
    "fillingDate": "2023-11-08",
    "acceptedDate": "2023-11-08 16:00:02",
    "calendarYear": "2023",
    "period": "Q3",
    "revenue": 13232000000,
    "costOfRevenue": 10603000000,
    "grossProfit": 2629000000,
    "grossProfitRatio": 0.198685006,
    "researchAndDevelopmentExpenses": 2682000000,
    "generalAndAdministrativeExpenses": 0,
    "sellingAndMarketingExpenses": 0,
    "sellingGeneralAndAdministrativeExpenses": 3212000000,
    "otherExpenses": 574000000,
    "operatingExpenses": 5894000000,
    "costAndExpenses": 16497000000,
    "interestIncome": 523000000,
    "interestExpense": 695000000,
    "depreciationAndAmortization": 1560000000,
    "ebitda": -1097000000,
    "ebitdaratio": -0.0829050786,
    "operatingIncome": -3265000000,
    "operatingIncomeRatio": -0.2467503023,
    "totalOtherIncomeExpensesNet": -404000000,
    "incomeBeforeTax": -3352000000,
    "incomeBeforeTaxRatio": -0.2533252721,
    "incomeTaxExpense": -964000000,
    "netIncome": -2394000000,
    "netIncomeRatio": -0.1809250302,
    "eps": -0.42,
    "epsdiluted": -0.42,
    "weightedAverageShsOut": 5646000000,
    "weightedAverageShsOutDil": 5646000000,
    "link": "https://www.sec.gov/Archives/edgar/data/78003/000007800323000115/0000078003-23-000115-index.htm",
    "finalLink": "https://www.sec.gov/Archives/edgar/data/78003/000007800323000115/pfe-20231001.htm"
  },
  {
    "date": "2023-07-02",
    "symbol": "PFE",
    "reportedCurrency": "USD",
    "cik": "0000078003",
    "fillingDate": "2023-08-09",
    "acceptedDate": "2023-08-09 16:11:52",
    "calendarYear": "2023",
    "period": "Q2",
    "revenue": 12734000000,
    "costOfRevenue": 4595000000,
    "grossProfit": 8139000000,
    "grossProfitRatio": 0.6391550181,
    "researchAndDevelopmentExpenses": 2629000000,
    "generalAndAdministrativeExpenses": 0,
    "sellingAndMarketingExpenses": 0,
    "sellingGeneralAndAdministrativeExpenses": 3432000000,
    "otherExpenses": 385000000,
    "operatingExpenses": 6061000000,
    "costAndExpenses": 10656000000,
    "interestIncome": 316000000,
    "interestExpense": 508000000,
    "depreciationAndAmortization": 1573000000,
    "ebitda": 4350000000,
    "ebitdaratio": 0.3416051516,
    "operatingIncome": 2078000000,
    "operatingIncomeRatio": 0.1631851736,
    "totalOtherIncomeExpensesNet": -520000000,
    "incomeBeforeTax": 2269000000,
    "incomeBeforeTaxRatio": 0.1781843883,
    "incomeTaxExpense": -71000000,
    "netIncome": 2327000000,
    "netIncomeRatio": 0.1827391236,
    "eps": 0.41,
    "epsdiluted": 0.41,
    "weightedAverageShsOut": 5646000000,
    "weightedAverageShsOutDil": 5713000000,
    "link": "https://www.sec.gov/Archives/edgar/data/78003/000007800323000088/0000078003-23-000088-index.htm",
    "finalLink": "https://www.sec.gov/Archives/edgar/data/78003/000007800323000088/pfe-20230702.htm"
  },
  {
    "date": "2023-04-02",
    "symbol": "PFE",
    "reportedCurrency": "USD",
    "cik": "0000078003",
    "fillingDate": "2023-05-10",
    "acceptedDate": "2023-05-10 15:53:31",
    "calendarYear": "2023",
    "period": "Q1",
    "revenue": 18282000000,
    "costOfRevenue": 6047000000,
    "grossProfit": 12235000000,
    "grossProfitRatio": 0.6692375014,
    "researchAndDevelopmentExpenses": 2494000000,
    "generalAndAdministrativeExpenses": 0,
    "sellingAndMarketingExpenses": 0,
    "sellingGeneralAndAdministrativeExpenses": 3359000000,
    "otherExpenses": 680000000,
    "operatingExpenses": 5853000000,
    "costAndExpenses": 11900000000,
    "interestIncome": 177000000,
    "interestExpense": 318000000,
    "depreciationAndAmortization": 1487000000,
    "ebitda": 8075000000,
    "ebitdaratio": 0.441691281,
    "operatingIncome": 6382000000,
    "operatingIncomeRatio": 0.3490865332,
    "totalOtherIncomeExpensesNet": -303000000,
    "incomeBeforeTax": 6270000000,
    "incomeBeforeTaxRatio": 0.3429602888,
    "incomeTaxExpense": 715000000,
    "netIncome": 5543000000,
    "netIncomeRatio": 0.3031943989,
    "eps": 0.98,
    "epsdiluted": 0.97,
    "weightedAverageShsOut": 5634000000,
    "weightedAverageShsOutDil": 5727000000,
    "link": "https://www.sec.gov/Archives/edgar/data/78003/000162828023017196/0001628280-23-017196-index.htm",
    "finalLink": "https://www.sec.gov/Archives/edgar/data/78003/000162828023017196/pfe-20230402.htm"
  },
  {
    "date": "2022-12-31",
    "symbol": "PFE",
    "reportedCurrency": "USD",
    "cik": "0000078003",
    "fillingDate": "2023-02-23",
    "acceptedDate": "2023-02-23 14:12:53",
    "calendarYear": "2022",
    "period": "Q4",
    "revenue": 24290000000,
    "costOfRevenue": 9648000000,
    "grossProfit": 14642000000,
    "grossProfitRatio": 0.602799506,
    "researchAndDevelopmentExpenses": 3615000000,
    "generalAndAdministrativeExpenses": 1844000000,
    "sellingAndMarketingExpenses": 2800000000,
    "sellingGeneralAndAdministrativeExpenses": 4644000000,
    "otherExpenses": 1130000000,
    "operatingExpenses": 9389000000,
    "costAndExpenses": 19037000000,
    "interestIncome": 137000000,
    "interestExpense": 313000000,
    "depreciationAndAmortization": 1519000000,
    "ebitda": 7064000000,
    "ebitdaratio": 0.2908192672,
    "operatingIncome": 6432000000,
    "operatingIncomeRatio": 0.2648003294,
    "totalOtherIncomeExpensesNet": -20000000,
    "incomeBeforeTax": 5231000000,
    "incomeBeforeTaxRatio": 0.2153561136,
    "incomeTaxExpense": 230000000,
    "netIncome": 4994000000,
    "netIncomeRatio": 0.2055990119,
    "eps": 0.89,
    "epsdiluted": 0.87,
    "weightedAverageShsOut": 5615000000,
    "weightedAverageShsOutDil": 5743000000,
    "link": "https://www.sec.gov/Archives/edgar/data/78003/000007800323000024/0000078003-23-000024-index.htm",
    "finalLink": "https://www.sec.gov/Archives/edgar/data/78003/000007800323000024/pfe-20221231.htm"
  },
  {
    "date": "2022-10-02",
    "symbol": "PFE",
    "reportedCurrency": "USD",
    "cik": "0000078003",
    "fillingDate": "2022-11-09",
    "acceptedDate": "2022-11-09 16:05:15",
    "calendarYear": "2022",
    "period": "Q3",
    "revenue": 22638000000,
    "costOfRevenue": 6063000000,
    "grossProfit": 16575000000,
    "grossProfitRatio": 0.7321759873,
    "researchAndDevelopmentExpenses": 2696000000,
    "generalAndAdministrativeExpenses": 0,
    "sellingAndMarketingExpenses": 0,
    "sellingGeneralAndAdministrativeExpenses": 3391000000,
    "otherExpenses": 822000000,
    "operatingExpenses": 6909000000,
    "costAndExpenses": 12972000000,
    "interestIncome": 70000000,
    "interestExpense": 311000000,
    "depreciationAndAmortization": 1183000000,
    "ebitda": 10495000000,
    "ebitdaratio": 0.4636010248,
    "operatingIncome": 10427000000,
    "operatingIncomeRatio": 0.4605972259,
    "totalOtherIncomeExpensesNet": -665000000,
    "incomeBeforeTax": 9001000000,
    "incomeBeforeTaxRatio": 0.3976057956,
    "incomeTaxExpense": 356000000,
    "netIncome": 8608000000,
    "netIncomeRatio": 0.3802456047,
    "eps": 1.54,
    "epsdiluted": 1.51,
    "weightedAverageShsOut": 5607000000,
    "weightedAverageShsOutDil": 5718000000,
    "link": "https://www.sec.gov/Archives/edgar/data/78003/000007800322000101/0000078003-22-000101-index.htm",
    "finalLink": "https://www.sec.gov/Archives/edgar/data/78003/000007800322000101/pfe-20221002.htm"
  },
  {
    "date": "2022-07-03",
    "symbol": "PFE",
    "reportedCurrency": "USD",
    "cik": "0000078003",
    "fillingDate": "2022-08-10",
    "acceptedDate": "2022-08-10 16:26:18",
    "calendarYear": "2022",
    "period": "Q2",
    "revenue": 27742000000,
    "costOfRevenue": 9066000000,
    "grossProfit": 18676000000,
    "grossProfitRatio": 0.6732030856,
    "researchAndDevelopmentExpenses": 2815000000,
    "generalAndAdministrativeExpenses": 0,
    "sellingAndMarketingExpenses": 0,
    "sellingGeneralAndAdministrativeExpenses": 2914000000,
    "otherExpenses": -104000000,
    "operatingExpenses": 5729000000,
    "costAndExpenses": 14795000000,
    "interestIncome": 30000000,
    "interestExpense": 293000000,
    "depreciationAndAmortization": 1175000000,
    "ebitda": 12914000000,
    "ebitdaratio": 0.4655035686,
    "operatingIncome": 12947000000,
    "operatingIncomeRatio": 0.4666931007,
    "totalOtherIncomeExpensesNet": -962000000,
    "incomeBeforeTax": 11447000000,
    "incomeBeforeTaxRatio": 0.412623459,
    "incomeTaxExpense": 1570000000,
    "netIncome": 9906000000,
    "netIncomeRatio": 0.3570759138,
    "eps": 1.77,
    "epsdiluted": 1.73,
    "weightedAverageShsOut": 5593000000,
    "weightedAverageShsOutDil": 5712000000,
    "link": "https://www.sec.gov/Archives/edgar/data/78003/000007800322000094/0000078003-22-000094-index.htm",
    "finalLink": "https://www.sec.gov/Archives/edgar/data/78003/000007800322000094/pfe-20220703.htm"
  },
  {
    "date": "2022-04-03",
    "symbol": "PFE",
    "reportedCurrency": "USD",
    "cik": "0000078003",
    "fillingDate": "2022-05-11",
    "acceptedDate": "2022-05-11 16:19:49",
    "calendarYear": "2022",
    "period": "Q1",
    "revenue": 25661000000,
    "costOfRevenue": 9984000000,
    "grossProfit": 15677000000,
    "grossProfitRatio": 0.6109270878,
    "researchAndDevelopmentExpenses": 2301000000,
    "generalAndAdministrativeExpenses": 0,
    "sellingAndMarketingExpenses": 0,
    "sellingGeneralAndAdministrativeExpenses": 2593000000,
    "otherExpenses": 835000000,
    "operatingExpenses": 5729000000,
    "costAndExpenses": 15713000000,
    "interestIncome": 14000000,
    "interestExpense": 322000000,
    "depreciationAndAmortization": 1187000000,
    "ebitda": 10560000000,
    "ebitdaratio": 0.4115194264,
    "operatingIncome": 10686000000,
    "operatingIncomeRatio": 0.4164296013,
    "totalOtherIncomeExpensesNet": -898000000,
    "incomeBeforeTax": 9050000000,
    "incomeBeforeTaxRatio": 0.352675266,
    "incomeTaxExpense": 1172000000,
    "netIncome": 7864000000,
    "netIncomeRatio": 0.3064572698,
    "eps": 1.4,
    "epsdiluted": 1.37,
    "weightedAverageShsOut": 5617000000,
    "weightedAverageShsOutDil": 5758000000,
    "link": "https://www.sec.gov/Archives/edgar/data/78003/000007800322000071/0000078003-22-000071-index.htm",
    "finalLink": "https://www.sec.gov/Archives/edgar/data/78003/000007800322000071/pfe-20220403.htm"
  },
  {
    "date": "2021-12-31",
    "symbol": "PFE",
    "reportedCurrency": "USD",
    "cik": "0000078003",
    "fillingDate": "2022-02-24",
    "acceptedDate": "2022-02-24 14:25:01",
    "calendarYear": "2021",
    "period": "Q4",
    "revenue": 23838000000,
    "costOfRevenue": 9736000000,
    "grossProfit": 14102000000,
    "grossProfitRatio": 0.5915764745,
    "researchAndDevelopmentExpenses": 5915000000,
    "generalAndAdministrativeExpenses": 2104000000,
    "sellingAndMarketingExpenses": 2000000000,
    "sellingGeneralAndAdministrativeExpenses": 4104000000,
    "otherExpenses": 1306000000,
    "operatingExpenses": 10976000000,
    "costAndExpenses": 20712000000,
    "interestIncome": 14000000,
    "interestExpense": 315000000,
    "depreciationAndAmortization": 1277000000,
    "ebitda": 5418000000,
    "ebitdaratio": 0.2272841681,
    "operatingIncome": 4043000000,
    "operatingIncomeRatio": 0.1696031546,
    "totalOtherIncomeExpensesNet": -1794000000,
    "incomeBeforeTax": 3827000000,
    "incomeBeforeTaxRatio": 0.1605419918,
    "incomeTaxExpense": 249000000,
    "netIncome": 3393000000,
    "netIncomeRatio": 0.1423357664,
    "eps": 0.6,
    "epsdiluted": 0.59,
    "weightedAverageShsOut": 5616000000,
    "weightedAverageShsOutDil": 5768000000,
    "link": "https://www.sec.gov/Archives/edgar/data/78003/000007800322000027/0000078003-22-000027-index.htm",
    "finalLink": "https://www.sec.gov/Archives/edgar/data/78003/000007800322000027/pfe-20211231.htm"
  },
  {
    "date": "2021-10-03",
    "symbol": "PFE",
    "reportedCurrency": "USD",
    "cik": "0000078003",
    "fillingDate": "2021-11-12",
    "acceptedDate": "2021-11-12 06:06:57",
    "calendarYear": "2021",
    "period": "Q3",
    "revenue": 24094000000,
    "costOfRevenue": 9973000000,
    "grossProfit": 14121000000,
    "grossProfitRatio": 0.5860795219,
    "researchAndDevelopmentExpenses": 3447000000,
    "generalAndAdministrativeExpenses": 0,
    "sellingAndMarketingExpenses": 0,
    "sellingGeneralAndAdministrativeExpenses": 2905000000,
    "otherExpenses": 1477000000,
    "operatingExpenses": 7333000000,
    "costAndExpenses": 17306000000,
    "interestIncome": 10000000,
    "interestExpense": 325000000,
    "depreciationAndAmortization": 1360000000,
    "ebitda": 9521000000,
    "ebitdaratio": 0.3951606209,
    "operatingIncome": 6473000000,
    "operatingIncomeRatio": 0.268656097,
    "totalOtherIncomeExpensesNet": -991000000,
    "incomeBeforeTax": 7836000000,
    "incomeBeforeTaxRatio": 0.3252261974,
    "incomeTaxExpense": -331000000,
    "netIncome": 8146000000,
    "netIncomeRatio": 0.3380924712,
    "eps": 1.45,
    "epsdiluted": 1.42,
    "weightedAverageShsOut": 5609000000,
    "weightedAverageShsOutDil": 5725000000,
    "link": "https://www.sec.gov/Archives/edgar/data/78003/000007800321000107/0000078003-21-000107-index.htm",
    "finalLink": "https://www.sec.gov/Archives/edgar/data/78003/000007800321000107/pfe-20211003.htm"
  },
  {
    "date": "2021-07-04",
    "symbol": "PFE",
    "reportedCurrency": "USD",
    "cik": "0000078003",
    "fillingDate": "2021-08-12",
    "acceptedDate": "2021-08-12 16:01:31",
    "calendarYear": "2021",
    "period": "Q2",
    "revenue": 18977000000,
    "costOfRevenue": 7049000000,
    "grossProfit": 11928000000,
    "grossProfitRatio": 0.6285503504,
    "researchAndDevelopmentExpenses": 2459000000,
    "generalAndAdministrativeExpenses": 0,
    "sellingAndMarketingExpenses": 0,
    "sellingGeneralAndAdministrativeExpenses": 2928000000,
    "otherExpenses": 650000000,
    "operatingExpenses": 6318000000,
    "costAndExpenses": 13367000000,
    "interestIncome": 13000000,
    "interestExpense": 316000000,
    "depreciationAndAmortization": 1682000000,
    "ebitda": 8606000000,
    "ebitdaratio": 0.4534963377,
    "operatingIncome": 5307000000,
    "operatingIncomeRatio": 0.2796543184,
    "totalOtherIncomeExpensesNet": 785000000,
    "incomeBeforeTax": 6609000000,
    "incomeBeforeTaxRatio": 0.3482636876,
    "incomeTaxExpense": 1043000000,
    "netIncome": 5563000000,
    "netIncomeRatio": 0.2931443326,
    "eps": 0.99,
    "epsdiluted": 0.98,
    "weightedAverageShsOut": 5598000000,
    "weightedAverageShsOutDil": 5678000000,
    "link": "https://www.sec.gov/Archives/edgar/data/78003/000007800321000093/0000078003-21-000093-index.htm",
    "finalLink": "https://www.sec.gov/Archives/edgar/data/78003/000007800321000093/pfe-20210704.htm"
  },
  {
    "date": "2021-04-04",
    "symbol": "PFE",
    "reportedCurrency": "USD",
    "cik": "0000078003",
    "fillingDate": "2021-05-13",
    "acceptedDate": "2021-05-13 11:32:26",
    "calendarYear": "2021",
    "period": "Q1",
    "revenue": 14582000000,
    "costOfRevenue": 4211000000,
    "grossProfit": 10371000000,
    "grossProfitRatio": 0.7112193115,
    "researchAndDevelopmentExpenses": 2014000000,
    "generalAndAdministrativeExpenses": 0,
    "sellingAndMarketingExpenses": 0,
    "sellingGeneralAndAdministrativeExpenses": 2783000000,
    "otherExpenses": 658000000,
    "operatingExpenses": 5669000000,
    "costAndExpenses": 9880000000,
    "interestIncome": 0,
    "interestExpense": 336000000,
    "depreciationAndAmortization": 1207000000,
    "ebitda": 6295000000,
    "ebitdaratio": 0.4316966123,
    "operatingIncome": 4702000000,
    "operatingIncomeRatio": 0.3224523385,
    "totalOtherIncomeExpensesNet": 521000000,
    "incomeBeforeTax": 5683000000,
    "incomeBeforeTaxRatio": 0.3897270608,
    "incomeTaxExpense": 805000000,
    "netIncome": 4877000000,
    "netIncomeRatio": 0.3344534357,
    "eps": 0.87,
    "epsdiluted": 0.86,
    "weightedAverageShsOut": 5584000000,
    "weightedAverageShsOutDil": 5662000000,
    "link": "https://www.sec.gov/Archives/edgar/data/78003/000007800321000065/0000078003-21-000065-index.htm",
    "finalLink": "https://www.sec.gov/Archives/edgar/data/78003/000007800321000065/pfe-20210404.htm"
  },
  {
    "date": "2020-12-31",
    "symbol": "PFE",
    "reportedCurrency": "USD",
    "cik": "0000078003",
    "fillingDate": "2021-02-25",
    "acceptedDate": "2021-02-25 13:59:00",
    "calendarYear": "2020",
    "period": "Q4",
    "revenue": 11684000000,
    "costOfRevenue": 2919000000,
    "grossProfit": 8765000000,
    "grossProfitRatio": 0.7501711743,
    "researchAndDevelopmentExpenses": 3354000000,
    "generalAndAdministrativeExpenses": 350000000,
    "sellingAndMarketingExpenses": -5903000000,
    "sellingGeneralAndAdministrativeExpenses": 3757000000,
    "otherExpenses": 641000000,
    "operatingExpenses": 7967000000,
    "costAndExpenses": 10886000000,
    "interestIncome": 4000000,
    "interestExpense": 347000000,
    "depreciationAndAmortization": 1046000000,
    "ebitda": -1200000000,
    "ebitdaratio": -0.1027045532,
    "operatingIncome": -2190000000,
    "operatingIncomeRatio": -0.1874358097,
    "totalOtherIncomeExpensesNet": 4106000000,
    "incomeBeforeTax": 178000000,
    "incomeBeforeTaxRatio": 0.0152345087,
    "incomeTaxExpense": -170000000,
    "netIncome": 594000000,
    "netIncomeRatio": 0.0508387539,
    "eps": 0.11,
    "epsdiluted": 0.1,
    "weightedAverageShsOut": 5562000000,
    "weightedAverageShsOutDil": 5662000000,
    "link": "https://www.sec.gov/Archives/edgar/data/78003/000007800321000038/0000078003-21-000038-index.htm",
    "finalLink": "https://www.sec.gov/Archives/edgar/data/78003/000007800321000038/pfe-20201231.htm"
  },
  {
    "date": "2020-09-27",
    "symbol": "PFE",
    "reportedCurrency": "USD",
    "cik": "0000078003",
    "fillingDate": "2020-11-05",
    "acceptedDate": "2020-11-05 16:57:23",
    "calendarYear": "2020",
    "period": "Q3",
    "revenue": 12131000000,
    "costOfRevenue": 2529000000,
    "grossProfit": 9602000000,
    "grossProfitRatio": 0.7915258429,
    "researchAndDevelopmentExpenses": 2360000000,
    "generalAndAdministrativeExpenses": 0,
    "sellingAndMarketingExpenses": 0,
    "sellingGeneralAndAdministrativeExpenses": 3016000000,
    "otherExpenses": 122000000,
    "operatingExpenses": 6274000000,
    "costAndExpenses": 8803000000,
    "interestIncome": 17000000,
    "interestExpense": 416000000,
    "depreciationAndAmortization": 1208000000,
    "ebitda": 4470000000,
    "ebitdaratio": 0.3684774545,
    "operatingIncome": 3328000000,
    "operatingIncomeRatio": 0.2743384717,
    "totalOtherIncomeExpensesNet": 647000000,
    "incomeBeforeTax": 2176000000,
    "incomeBeforeTaxRatio": 0.1793751546,
    "incomeTaxExpense": -26000000,
    "netIncome": 2194000000,
    "netIncomeRatio": 0.1808589564,
    "eps": 0.39,
    "epsdiluted": 0.39,
    "weightedAverageShsOut": 5557000000,
    "weightedAverageShsOutDil": 5633000000,
    "link": "https://www.sec.gov/Archives/edgar/data/78003/000007800320000070/0000078003-20-000070-index.htm",
    "finalLink": "https://www.sec.gov/Archives/edgar/data/78003/000007800320000070/pfe-20200927.htm"
  },
  {
    "date": "2020-06-28",
    "symbol": "PFE",
    "reportedCurrency": "USD",
    "cik": "0000078003",
    "fillingDate": "2020-08-06",
    "acceptedDate": "2020-08-06 16:10:38",
    "calendarYear": "2020",
    "period": "Q2",
    "revenue": 11801000000,
    "costOfRevenue": 2281000000,
    "grossProfit": 9520000000,
    "grossProfitRatio": 0.8067112957,
    "researchAndDevelopmentExpenses": 2132000000,
    "generalAndAdministrativeExpenses": -221000000,
    "sellingAndMarketingExpenses": 3030000000,
    "sellingGeneralAndAdministrativeExpenses": 3030000000,
    "otherExpenses": 274000000,
    "operatingExpenses": 6067000000,
    "costAndExpenses": 8348000000,
    "interestIncome": 19000000,
    "interestExpense": 372000000,
    "depreciationAndAmortization": 1199000000,
    "ebitda": 4592000000,
    "ebitdaratio": 0.3891195661,
    "operatingIncome": 3453000000,
    "operatingIncomeRatio": 0.2926023218,
    "totalOtherIncomeExpensesNet": 500000000,
    "incomeBeforeTax": 3953000000,
    "incomeBeforeTaxRatio": 0.3349716126,
    "incomeTaxExpense": 519000000,
    "netIncome": 3489000000,
    "netIncomeRatio": 0.2956529108,
    "eps": 0.63,
    "epsdiluted": 0.62,
    "weightedAverageShsOut": 5554000000,
    "weightedAverageShsOutDil": 5619000000,
    "link": "https://www.sec.gov/Archives/edgar/data/78003/000007800320000060/0000078003-20-000060-index.htm",
    "finalLink": "https://www.sec.gov/Archives/edgar/data/78003/000007800320000060/pfe-06282020x10q.htm"
  },
  {
    "date": "2020-03-29",
    "symbol": "PFE",
    "reportedCurrency": "USD",
    "cik": "0000078003",
    "fillingDate": "2020-05-07",
    "acceptedDate": "2020-05-07 10:42:57",
    "calendarYear": "2020",
    "period": "Q1",
    "revenue": 12028000000,
    "costOfRevenue": 2378000000,
    "grossProfit": 9650000000,
    "grossProfitRatio": 0.8022946458,
    "researchAndDevelopmentExpenses": 1724000000,
    "generalAndAdministrativeExpenses": -129000000,
    "sellingAndMarketingExpenses": 2873000000,
    "sellingGeneralAndAdministrativeExpenses": 2873000000,
    "otherExpenses": 318000000,
    "operatingExpenses": 5482000000,
    "costAndExpenses": 7860000000,
    "interestIncome": 34000000,
    "interestExpense": 390000000,
    "depreciationAndAmortization": 1166000000,
    "ebitda": 4398000000,
    "ebitdaratio": 0.3656468241,
    "operatingIncome": 4168000000,
    "operatingIncomeRatio": 0.3465247755,
    "totalOtherIncomeExpensesNet": 475000000,
    "incomeBeforeTax": 3885000000,
    "incomeBeforeTaxRatio": 0.3229963419,
    "incomeTaxExpense": 475000000,
    "netIncome": 3355000000,
    "netIncomeRatio": 0.2789324909,
    "eps": 0.6,
    "epsdiluted": 0.6,
    "weightedAverageShsOut": 5545000000,
    "weightedAverageShsOutDil": 5613000000,
    "link": "https://www.sec.gov/Archives/edgar/data/78003/000007800320000037/0000078003-20-000037-index.htm",
    "finalLink": "https://www.sec.gov/Archives/edgar/data/78003/000007800320000037/pfe-03292020x10q.htm"
  }
]