[
  {
    "date": "2024-12-31",
    "symbol": "VZ",
    "reportedCurrency": "USD",
    "cik": "0000732712",
    "fillingDate": "2025-02-12",
    "acceptedDate": "2025-02-12 10:19:07",
    "calendarYear": "2024",
    "period": "Q4",
    "revenue": 35681000000,
    "costOfRevenue": 15514000000,
    "grossProfit": 20167000000,
    "grossProfitRatio": 0.565202769,
    "researchAndDevelopmentExpenses": 0,
    "generalAndAdministrativeExpenses": 0,
    "sellingAndMarketingExpenses": 0,
    "sellingGeneralAndAdministrativeExpenses": 8240000000,
    "otherExpenses": 4506000000,
    "operatingExpenses": 12746000000,
    "costAndExpenses": 28260000000,
    "interestIncome": 78000000,
    "interestExpense": 1644000000,
    "depreciationAndAmortization": 4506000000,
    "ebitda": 12718000000,
    "ebitdaratio": 0.3564361985,
    "operatingIncome": 7421000000,
    "operatingIncomeRatio": 0.2079818391,
    "totalOtherIncomeExpensesNet": -853000000,
    "incomeBeforeTax": 6568000000,
    "incomeBeforeTaxRatio": 0.1840755584,
    "incomeTaxExpense": 1454000000,
    "netIncome": 5005000000,
    "netIncomeRatio": 0.1402707323,
    "eps": 1.19,
    "epsdiluted": 1.19,
    "weightedAverageShsOut": 4219000000,
    "weightedAverageShsOutDil": 4221500000,
    "link": "https://www.sec.gov/Archives/edgar/data/732712/000073271225000006/0000732712-25-000006-index.htm",
    "finalLink": "https://www.sec.gov/Archives/edgar/data/732712/000073271225000006/vz-20241231.htm"
  },
  {
    "date": "2024-09-30",
    "symbol": "VZ",
    "reportedCurrency": "USD",
    "cik": "0000732712",
    "fillingDate": "2024-10-25",
    "acceptedDate": "2024-10-25 09:36:29",
    "calendarYear": "2024",
    "period": "Q3",
    "revenue": 33330000000,
    "costOfRevenue": 13240000000,
    "grossProfit": 20090000000,
    "grossProfitRatio": 0.602760276,
    "researchAndDevelopmentExpenses": 0,
    "generalAndAdministrativeExpenses": 0,
    "sellingAndMarketingExpenses": 0,
    "sellingGeneralAndAdministrativeExpenses": 9706000000,
    "otherExpenses": 4458000000,
    "operatingExpenses": 14164000000,
    "costAndExpenses": 27404000000,
    "interestIncome": 97000000,
    "interestExpense": 1672000000,
    "depreciationAndAmortization": 4458000000,
    "ebitda": 10432000000,
    "ebitdaratio": 0.3129912991,
    "operatingIncome": 5926000000,
    "operatingIncomeRatio": 0.1777977798,
    "totalOtherIncomeExpensesNet": -1624000000,
    "incomeBeforeTax": 4302000000,
    "incomeBeforeTaxRatio": 0.1290729073,
    "incomeTaxExpense": 891000000,
    "netIncome": 3306000000,
    "netIncomeRatio": 0.099189919,
    "eps": 0.78,
    "epsdiluted": 0.78,
    "weightedAverageShsOut": 4220000000,
    "weightedAverageShsOutDil": 4225000000,
    "link": "https://www.sec.gov/Archives/edgar/data/732712/000073271224000069/0000732712-24-000069-index.htm",
    "finalLink": "https://www.sec.gov/Archives/edgar/data/732712/000073271224000069/vz-20240930.htm"
  },
  {
    "date": "2024-06-30",
    "symbol": "VZ",
    "reportedCurrency": "USD",
    "cik": "0000732712",
    "fillingDate": "2024-07-25",
    "acceptedDate": "2024-07-25 09:52:47",
    "calendarYear": "2024",
    "period": "Q2",
    "revenue": 32796000000,
    "costOfRevenue": 12471000000,
    "grossProfit": 20325000000,
    "grossProfitRatio": 0.6197402122,
    "researchAndDevelopmentExpenses": 0,
    "generalAndAdministrativeExpenses": 0,
    "sellingAndMarketingExpenses": 0,
    "sellingGeneralAndAdministrativeExpenses": 8024000000,
    "otherExpenses": 4483000000,
    "operatingExpenses": 12507000000,
    "costAndExpenses": 24978000000,
    "interestIncome": 83000000,
    "interestExpense": 1698000000,
    "depreciationAndAmortization": 4483000000,
    "ebitda": 12215000000,
    "ebitdaratio": 0.3724539578,
    "operatingIncome": 7818000000,
    "operatingIncomeRatio": 0.2383827296,
    "totalOtherIncomeExpensesNet": -1784000000,
    "incomeBeforeTax": 6034000000,
    "incomeBeforeTaxRatio": 0.1839858519,
    "incomeTaxExpense": 1332000000,
    "netIncome": 4593000000,
    "netIncomeRatio": 0.1400475668,
    "eps": 1.09,
    "epsdiluted": 1.09,
    "weightedAverageShsOut": 4215000000,
    "weightedAverageShsOutDil": 4221000000,
    "link": "https://www.sec.gov/Archives/edgar/data/732712/000073271224000052/0000732712-24-000052-index.htm",
    "finalLink": "https://www.sec.gov/Archives/edgar/data/732712/000073271224000052/vz-20240630.htm"
  },
  {
    "date": "2024-03-31",
    "symbol": "VZ",
    "reportedCurrency": "USD",
    "cik": "0000732712",
    "fillingDate": "2024-04-25",
    "acceptedDate": "2024-04-25 09:00:52",
    "calendarYear": "2024",
    "period": "Q1",
    "revenue": 32981000000,
    "costOfRevenue": 12872000000,
    "grossProfit": 20109000000,
    "grossProfitRatio": 0.6097146842,
    "researchAndDevelopmentExpenses": 0,
    "generalAndAdministrativeExpenses": 0,
    "sellingAndMarketingExpenses": 0,
    "sellingGeneralAndAdministrativeExpenses": 8143000000,
    "otherExpenses": 10000000,
    "operatingExpenses": 12588000000,
    "costAndExpenses": 25460000000,
    "interestIncome": 78000000,
    "interestExpense": 1635000000,
    "depreciationAndAmortization": 4445000000,
    "ebitda": 12155000000,
    "ebitdaratio": 0.3685455262,
    "operatingIncome": 7521000000,
    "operatingIncomeRatio": 0.2280403869,
    "totalOtherIncomeExpensesNet": -1446000000,
    "incomeBeforeTax": 6075000000,
    "incomeBeforeTaxRatio": 0.1841969619,
    "incomeTaxExpense": 1353000000,
    "netIncome": 4602000000,
    "netIncomeRatio": 0.1395348837,
    "eps": 1.09,
    "epsdiluted": 1.09,
    "weightedAverageShsOut": 4215000000,
    "weightedAverageShsOutDil": 4219000000,
    "link": "https://www.sec.gov/Archives/edgar/data/732712/000073271224000029/0000732712-24-000029-index.htm",
    "finalLink": "https://www.sec.gov/Archives/edgar/data/732712/000073271224000029/vz-20240331.htm"
  },
  {
    "date": "2023-12-31",
    "symbol": "VZ",
    "reportedCurrency": "USD",
    "cik": "0000732712",
    "fillingDate": "2024-02-09",
    "acceptedDate": "2024-02-09 10:51:34",
    "calendarYear": "2023",
    "period": "Q4",
    "revenue": 35130000000,
    "costOfRevenue": 15182000000,
    "grossProfit": 19948000000,
    "grossProfitRatio": 0.5678337603,
    "researchAndDevelopmentExpenses": 0,
    "generalAndAdministrativeExpenses": 5144000000,
    "sellingAndMarketingExpenses": 3847000000,
    "sellingGeneralAndAdministrativeExpenses": 8991000000,
    "otherExpenses": -980000000,
    "operatingExpenses": 13507000000,
    "costAndExpenses": 28689000000,
    "interestIncome": 89000000,
    "interestExpense": 1599000000,
    "depreciationAndAmortization": 4516000000,
    "ebitda": 4297000000,
    "ebitdaratio": 0.1223171079,
    "operatingIncome": 600000000,
    "operatingIncomeRatio": 0.0170794193,
    "totalOtherIncomeExpensesNet": -2417000000,
    "incomeBeforeTax": -1817000000,
    "incomeBeforeTaxRatio": -0.0517221748,
    "incomeTaxExpense": 756000000,
    "netIncome": -2705000000,
    "netIncomeRatio": -0.0769997153,
    "eps": -0.64,
    "epsdiluted": -0.64,
    "weightedAverageShsOut": 4214000000,
    "weightedAverageShsOutDil": 4214000000,
    "link": "https://www.sec.gov/Archives/edgar/data/732712/000073271224000010/0000732712-24-000010-index.htm",
    "finalLink": "https://www.sec.gov/Archives/edgar/data/732712/000073271224000010/vz-20231231.htm"
  },
  {
    "date": "2023-09-30",
    "symbol": "VZ",
    "reportedCurrency": "USD",
    "cik": "0000732712",
    "fillingDate": "2023-10-26",
    "acceptedDate": "2023-10-26 09:34:47",
    "calendarYear": "2023",
    "period": "Q3",
    "revenue": 33336000000,
    "costOfRevenue": 13437000000,
    "grossProfit": 19899000000,
    "grossProfitRatio": 0.5969222462,
    "researchAndDevelopmentExpenses": 0,
    "generalAndAdministrativeExpenses": 0,
    "sellingAndMarketingExpenses": 0,
    "sellingGeneralAndAdministrativeExpenses": 7995000000,
    "otherExpenses": -13000000,
    "operatingExpenses": 12426000000,
    "costAndExpenses": 25863000000,
    "interestIncome": 98000000,
    "interestExpense": 1433000000,
    "depreciationAndAmortization": 4431000000,
    "ebitda": 12274000000,
    "ebitdaratio": 0.3681905448,
    "operatingIncome": 7473000000,
    "operatingIncomeRatio": 0.2241720662,
    "totalOtherIncomeExpensesNet": -1281000000,
    "incomeBeforeTax": 6192000000,
    "incomeBeforeTaxRatio": 0.1857451404,
    "incomeTaxExpense": 1308000000,
    "netIncome": 4762000000,
    "netIncomeRatio": 0.1428485721,
    "eps": 1.13,
    "epsdiluted": 1.13,
    "weightedAverageShsOut": 4213000000,
    "weightedAverageShsOutDil": 4216000000,
    "link": "https://www.sec.gov/Archives/edgar/data/732712/000073271223000063/0000732712-23-000063-index.htm",
    "finalLink": "https://www.sec.gov/Archives/edgar/data/732712/000073271223000063/vz-20230930.htm"
  },
  {
    "date": "2023-06-30",
    "symbol": "VZ",
    "reportedCurrency": "USD",
    "cik": "0000732712",
    "fillingDate": "2023-07-28",
    "acceptedDate": "2023-07-28 08:18:10",
    "calendarYear": "2023",
    "period": "Q2",
    "revenue": 32596000000,
    "costOfRevenue": 12764000000,
    "grossProfit": 19832000000,
    "grossProfitRatio": 0.6084182108,
    "researchAndDevelopmentExpenses": 0,
    "generalAndAdministrativeExpenses": 0,
    "sellingAndMarketingExpenses": 0,
    "sellingGeneralAndAdministrativeExpenses": 8253000000,
    "otherExpenses": 49000000,
    "operatingExpenses": 12612000000,
    "costAndExpenses": 25376000000,
    "interestIncome": 92000000,
    "interestExpense": 1285000000,
    "depreciationAndAmortization": 4359000000,
    "ebitda": 11984000000,
    "ebitdaratio": 0.3676524727,
    "operatingIncome": 7220000000,
    "operatingIncomeRatio": 0.2214995705,
    "totalOtherIncomeExpensesNet": -1108000000,
    "incomeBeforeTax": 6112000000,
    "incomeBeforeTaxRatio": 0.1875076697,
    "incomeTaxExpense": 1346000000,
    "netIncome": 4648000000,
    "netIncomeRatio": 0.1425941833,
    "eps": 1.1,
    "epsdiluted": 1.1,
    "weightedAverageShsOut": 4208000000,
    "weightedAverageShsOutDil": 4213000000,
    "link": "https://www.sec.gov/Archives/edgar/data/732712/000073271223000055/0000732712-23-000055-index.htm",
    "finalLink": "https://www.sec.gov/Archives/edgar/data/732712/000073271223000055/vz-20230630.htm"
  },
  {
    "date": "2023-03-31",
    "symbol": "VZ",
    "reportedCurrency": "USD",
    "cik": "0000732712",
    "fillingDate": "2023-04-27",
    "acceptedDate": "2023-04-27 10:52:48",
    "calendarYear": "2023",
    "period": "Q1",
    "revenue": 32912000000,
    "costOfRevenue": 13504000000,
    "grossProfit": 19408000000,
    "grossProfitRatio": 0.5896937287,
    "researchAndDevelopmentExpenses": 0,
    "generalAndAdministrativeExpenses": 0,
    "sellingAndMarketingExpenses": 0,
    "sellingGeneralAndAdministrativeExpenses": 7506000000,
    "otherExpenses": -31000000,
    "operatingExpenses": 11824000000,
    "costAndExpenses": 25328000000,
    "interestIncome": 75000000,
    "interestExpense": 1207000000,
    "depreciationAndAmortization": 4318000000,
    "ebitda": 11915000000,
    "ebitdaratio": 0.3620260088,
    "operatingIncome": 7584000000,
    "operatingIncomeRatio": 0.2304326689,
    "totalOtherIncomeExpensesNet": -1084000000,
    "incomeBeforeTax": 6500000000,
    "incomeBeforeTaxRatio": 0.1974963539,
    "incomeTaxExpense": 1482000000,
    "netIncome": 4909000000,
    "netIncomeRatio": 0.1491553233,
    "eps": 1.17,
    "epsdiluted": 1.17,
    "weightedAverageShsOut": 4207000000,
    "weightedAverageShsOutDil": 4211000000,
    "link": "https://www.sec.gov/Archives/edgar/data/732712/000073271223000029/0000732712-23-000029-index.htm",
    "finalLink": "https://www.sec.gov/Archives/edgar/data/732712/000073271223000029/vz-20230331.htm"
  },
  {
    "date": "2022-12-31",
    "symbol": "VZ",
    "reportedCurrency": "USD",
    "cik": "0000732712",
    "fillingDate": "2023-02-10",
    "acceptedDate": "2023-02-10 11:54:36",
    "calendarYear": "2022",
    "period": "Q4",
    "revenue": 35251000000,
    "costOfRevenue": 15762000000,
    "grossProfit": 19489000000,
    "grossProfitRatio": 0.5528637485,
    "researchAndDevelopmentExpenses": 0,
    "generalAndAdministrativeExpenses": 4490000000,
    "sellingAndMarketingExpenses": 3556000000,
    "sellingGeneralAndAdministrativeExpenses": 8046000000,
    "otherExpenses": 3681000000,
    "operatingExpenses": 12264000000,
    "costAndExpenses": 28026000000,
    "interestIncome": 83000000,
    "interestExpense": 1105000000,
    "depreciationAndAmortization": 4218000000,
    "ebitda": 14134000000,
    "ebitdaratio": 0.4009531644,
    "operatingIncome": 7225000000,
    "operatingIncomeRatio": 0.2049587246,
    "totalOtherIncomeExpensesNet": 1586000000,
    "incomeBeforeTax": 8811000000,
    "incomeBeforeTaxRatio": 0.249950356,
    "incomeTaxExpense": 2113000000,
    "netIncome": 6577000000,
    "netIncomeRatio": 0.1865762673,
    "eps": 1.56,
    "epsdiluted": 1.56,
    "weightedAverageShsOut": 4204000000,
    "weightedAverageShsOutDil": 4207000000,
    "link": "https://www.sec.gov/Archives/edgar/data/732712/000073271223000012/0000732712-23-000012-index.htm",
    "finalLink": "https://www.sec.gov/Archives/edgar/data/732712/000073271223000012/vz-20221231.htm"
  },
  {
    "date": "2022-09-30",
    "symbol": "VZ",
    "reportedCurrency": "USD",
    "cik": "0000732712",
    "fillingDate": "2022-10-25",
    "acceptedDate": "2022-10-25 15:20:39",
    "calendarYear": "2022",
    "period": "Q3",
    "revenue": 34241000000,
    "costOfRevenue": 14601000000,
    "grossProfit": 19640000000,
    "grossProfitRatio": 0.573581379,
    "researchAndDevelopmentExpenses": 0,
    "generalAndAdministrativeExpenses": 0,
    "sellingAndMarketingExpenses": 0,
    "sellingGeneralAndAdministrativeExpenses": 7422000000,
    "otherExpenses": -521000000,
    "operatingExpenses": 11746000000,
    "costAndExpenses": 26347000000,
    "interestIncome": 32000000,
    "interestExpense": 937000000,
    "depreciationAndAmortization": 4324000000,
    "ebitda": 12346000000,
    "ebitdaratio": 0.3605618995,
    "operatingIncome": 7894000000,
    "operatingIncomeRatio": 0.2305423323,
    "totalOtherIncomeExpensesNet": -1374000000,
    "incomeBeforeTax": 6520000000,
    "incomeBeforeTaxRatio": 0.1904149996,
    "incomeTaxExpense": 1496000000,
    "netIncome": 4900000000,
    "netIncomeRatio": 0.1431032972,
    "eps": 1.17,
    "epsdiluted": 1.17,
    "weightedAverageShsOut": 4202000000,
    "weightedAverageShsOutDil": 4204000000,
    "link": "https://www.sec.gov/Archives/edgar/data/732712/000073271222000050/0000732712-22-000050-index.htm",
    "finalLink": "https://www.sec.gov/Archives/edgar/data/732712/000073271222000050/vz-20220930.htm"
  },
  {
    "date": "2022-06-30",
    "symbol": "VZ",
    "reportedCurrency": "USD",
    "cik": "0000732712",
    "fillingDate": "2022-07-28",
    "acceptedDate": "2022-07-28 09:19:44",
    "calendarYear": "2022",
    "period": "Q2",
    "revenue": 33789000000,
    "costOfRevenue": 14420000000,
    "grossProfit": 19369000000,
    "grossProfitRatio": 0.5732338927,
    "researchAndDevelopmentExpenses": 0,
    "generalAndAdministrativeExpenses": 0,
    "sellingAndMarketingExpenses": 0,
    "sellingGeneralAndAdministrativeExpenses": 7496000000,
    "otherExpenses": -22000000,
    "operatingExpenses": 11817000000,
    "costAndExpenses": 26237000000,
    "interestIncome": 21000000,
    "interestExpense": 785000000,
    "depreciationAndAmortization": 4321000000,
    "ebitda": 12072000000,
    "ebitdaratio": 0.3572760366,
    "operatingIncome": 7552000000,
    "operatingIncomeRatio": 0.2235046909,
    "totalOtherIncomeExpensesNet": -695000000,
    "incomeBeforeTax": 6857000000,
    "incomeBeforeTaxRatio": 0.2029358667,
    "incomeTaxExpense": 1542000000,
    "netIncome": 5199000000,
    "netIncomeRatio": 0.153866643,
    "eps": 1.24,
    "epsdiluted": 1.24,
    "weightedAverageShsOut": 4201000000,
    "weightedAverageShsOutDil": 4202000000,
    "link": "https://www.sec.gov/Archives/edgar/data/732712/000073271222000043/0000732712-22-000043-index.htm",
    "finalLink": "https://www.sec.gov/Archives/edgar/data/732712/000073271222000043/vz-20220630.htm"
  },
  {
    "date": "2022-03-31",
    "symbol": "VZ",
    "reportedCurrency": "USD",
    "cik": "0000732712",
    "fillingDate": "2022-04-27",
    "acceptedDate": "2022-04-27 11:04:20",
    "calendarYear": "2022",
    "period": "Q1",
    "revenue": 33554000000,
    "costOfRevenue": 14350000000,
    "grossProfit": 19204000000,
    "grossProfitRatio": 0.5723311677,
    "researchAndDevelopmentExpenses": 0,
    "generalAndAdministrativeExpenses": 0,
    "sellingAndMarketingExpenses": 0,
    "sellingGeneralAndAdministrativeExpenses": 7172000000,
    "otherExpenses": 297000000,
    "operatingExpenses": 11408000000,
    "costAndExpenses": 25758000000,
    "interestIncome": 10000000,
    "interestExpense": 786000000,
    "depreciationAndAmortization": 4236000000,
    "ebitda": 12331000000,
    "ebitdaratio": 0.3674971687,
    "operatingIncome": 7796000000,
    "operatingIncomeRatio": 0.2323418966,
    "totalOtherIncomeExpensesNet": -1713000000,
    "incomeBeforeTax": 6083000000,
    "incomeBeforeTaxRatio": 0.1812898611,
    "incomeTaxExpense": 1372000000,
    "netIncome": 4580000000,
    "netIncomeRatio": 0.1364963939,
    "eps": 1.09,
    "epsdiluted": 1.09,
    "weightedAverageShsOut": 4201000000,
    "weightedAverageShsOutDil": 4202000000,
    "link": "https://www.sec.gov/Archives/edgar/data/732712/000073271222000019/0000732712-22-000019-index.htm",
    "finalLink": "https://www.sec.gov/Archives/edgar/data/732712/000073271222000019/vz-20220331.htm"
  },
  {
    "date": "2021-12-31",
    "symbol": "VZ",
    "reportedCurrency": "USD",
    "cik": "0000732712",
    "fillingDate": "2022-02-11",
    "acceptedDate": "2022-02-11 14:04:46",
    "calendarYear": "2021",
    "period": "Q4",
    "revenue": 34067000000,
    "costOfRevenue": 14996000000,
    "grossProfit": 19071000000,
    "grossProfitRatio": 0.5598086124,
    "researchAndDevelopmentExpenses": 0,
    "generalAndAdministrativeExpenses": 4018000000,
    "sellingAndMarketingExpenses": 3394000000,
    "sellingGeneralAndAdministrativeExpenses": 7412000000,
    "otherExpenses": 2670000000,
    "operatingExpenses": 11463000000,
    "costAndExpenses": 26459000000,
    "interestIncome": 11000000,
    "interestExpense": 739000000,
    "depreciationAndAmortization": 4051000000,
    "ebitda": 10934000000,
    "ebitdaratio": 0.3209557636,
    "operatingIncome": 7608000000,
    "operatingIncomeRatio": 0.223324625,
    "totalOtherIncomeExpensesNet": -1464000000,
    "incomeBeforeTax": 6144000000,
    "incomeBeforeTaxRatio": 0.1803504858,
    "incomeTaxExpense": 1407000000,
    "netIncome": 4613000000,
    "netIncomeRatio": 0.135409634,
    "eps": 1.11,
    "epsdiluted": 1.11,
    "weightedAverageShsOut": 4167000000,
    "weightedAverageShsOutDil": 4169000000,
    "link": "https://www.sec.gov/Archives/edgar/data/732712/000073271222000008/0000732712-22-000008-index.htm",
    "finalLink": "https://www.sec.gov/Archives/edgar/data/732712/000073271222000008/vz-20211231.htm"
  },
  {
    "date": "2021-09-30",
    "symbol": "VZ",
    "reportedCurrency": "USD",
    "cik": "0000732712",
    "fillingDate": "2021-10-26",
    "acceptedDate": "2021-10-26 10:52:05",
    "calendarYear": "2021",
    "period": "Q3",
    "revenue": 32915000000,
    "costOfRevenue": 13528000000,
    "grossProfit": 19387000000,
    "grossProfitRatio": 0.5890019748,
    "researchAndDevelopmentExpenses": 0,
    "generalAndAdministrativeExpenses": 0,
    "sellingAndMarketingExpenses": 0,
    "sellingGeneralAndAdministrativeExpenses": 6521000000,
    "otherExpenses": 258000000,
    "operatingExpenses": 10482000000,
    "costAndExpenses": 24010000000,
    "interestIncome": 11000000,
    "interestExpense": 801000000,
    "depreciationAndAmortization": 3961000000,
    "ebitda": 13136000000,
    "ebitdaratio": 0.3990885614,
    "operatingIncome": 8905000000,
    "operatingIncomeRatio": 0.2705453441,
    "totalOtherIncomeExpensesNet": -531000000,
    "incomeBeforeTax": 8374000000,
    "incomeBeforeTaxRatio": 0.2544128817,
    "incomeTaxExpense": 1820000000,
    "netIncome": 6407000000,
    "netIncomeRatio": 0.1946528938,
    "eps": 1.55,
    "epsdiluted": 1.55,
    "weightedAverageShsOut": 4142000000,
    "weightedAverageShsOutDil": 4144000000,
    "link": "https://www.sec.gov/Archives/edgar/data/732712/000073271221000054/0000732712-21-000054-index.htm",
    "finalLink": "https://www.sec.gov/Archives/edgar/data/732712/000073271221000054/vz-20210930.htm"
  },
  {
    "date": "2021-06-30",
    "symbol": "VZ",
    "reportedCurrency": "USD",
    "cik": "0000732712",
    "fillingDate": "2021-07-28",
    "acceptedDate": "2021-07-28 08:24:32",
    "calendarYear": "2021",
    "period": "Q2",
    "revenue": 33764000000,
    "costOfRevenue": 14255000000,
    "grossProfit": 19509000000,
    "grossProfitRatio": 0.5778047625,
    "researchAndDevelopmentExpenses": 0,
    "generalAndAdministrativeExpenses": 0,
    "sellingAndMarketingExpenses": 0,
    "sellingGeneralAndAdministrativeExpenses": 7324000000,
    "otherExpenses": 491000000,
    "operatingExpenses": 11344000000,
    "costAndExpenses": 25599000000,
    "interestIncome": 11000000,
    "interestExpense": 844000000,
    "depreciationAndAmortization": 4020000000,
    "ebitda": 12688000000,
    "ebitdaratio": 0.3757848596,
    "operatingIncome": 8165000000,
    "operatingIncomeRatio": 0.2418256131,
    "totalOtherIncomeExpensesNet": -341000000,
    "incomeBeforeTax": 7824000000,
    "incomeBeforeTaxRatio": 0.2317260988,
    "incomeTaxExpense": 1875000000,
    "netIncome": 5800000000,
    "netIncomeRatio": 0.1717805947,
    "eps": 1.4,
    "epsdiluted": 1.4,
    "weightedAverageShsOut": 4141000000,
    "weightedAverageShsOutDil": 4143000000,
    "link": "https://www.sec.gov/Archives/edgar/data/732712/000073271221000046/0000732712-21-000046-index.htm",
    "finalLink": "https://www.sec.gov/Archives/edgar/data/732712/000073271221000046/vz-20210630.htm"
  },
  {
    "date": "2021-03-31",
    "symbol": "VZ",
    "reportedCurrency": "USD",
    "cik": "0000732712",
    "fillingDate": "2021-04-27",
    "acceptedDate": "2021-04-27 09:12:52",
    "calendarYear": "2021",
    "period": "Q1",
    "revenue": 32867000000,
    "costOfRevenue": 13522000000,
    "grossProfit": 19345000000,
    "grossProfitRatio": 0.5885842943,
    "researchAndDevelopmentExpenses": 0,
    "generalAndAdministrativeExpenses": 0,
    "sellingAndMarketingExpenses": 0,
    "sellingGeneralAndAdministrativeExpenses": 7401000000,
    "otherExpenses": 386000000,
    "operatingExpenses": 11575000000,
    "costAndExpenses": 25097000000,
    "interestIncome": 15000000,
    "interestExpense": 1101000000,
    "depreciationAndAmortization": 4174000000,
    "ebitda": 12353000000,
    "ebitdaratio": 0.3758481151,
    "operatingIncome": 7770000000,
    "operatingIncomeRatio": 0.2364073387,
    "totalOtherIncomeExpensesNet": -692000000,
    "incomeBeforeTax": 7078000000,
    "incomeBeforeTaxRatio": 0.2153527855,
    "incomeTaxExpense": 1700000000,
    "netIncome": 5245000000,
    "netIncomeRatio": 0.15958256,
    "eps": 1.27,
    "epsdiluted": 1.27,
    "weightedAverageShsOut": 4141000000,
    "weightedAverageShsOutDil": 4142000000,
    "link": "https://www.sec.gov/Archives/edgar/data/732712/000073271221000024/0000732712-21-000024-index.htm",
    "finalLink": "https://www.sec.gov/Archives/edgar/data/732712/000073271221000024/vz-20210331.htm"
  },
  {
    "date": "2020-12-31",
    "symbol": "VZ",
    "reportedCurrency": "USD",
    "cik": "0000732712",
    "fillingDate": "2021-02-25",
    "acceptedDate": "2021-02-25 14:08:10",
    "calendarYear": "2020",
    "period": "Q4",
    "revenue": 34692000000,
    "costOfRevenue": 14822000000,
    "grossProfit": 19870000000,
    "grossProfitRatio": 0.5727545255,
    "researchAndDevelopmentExpenses": 0,
    "generalAndAdministrativeExpenses": 5386000000,
    "sellingAndMarketingExpenses": 3107000000,
    "sellingGeneralAndAdministrativeExpenses": 8493000000,
    "otherExpenses": 277000000,
    "operatingExpenses": 12690000000,
    "costAndExpenses": 27512000000,
    "interestIncome": 16000000,
    "interestExpense": 1080000000,
    "depreciationAndAmortization": 4197000000,
    "ebitda": 11530000000,
    "ebitdaratio": 0.3323532803,
    "operatingIncome": 7180000000,
    "operatingIncomeRatio": 0.2069641416,
    "totalOtherIncomeExpensesNet": -927000000,
    "incomeBeforeTax": 6253000000,
    "incomeBeforeTaxRatio": 0.1802432838,
    "incomeTaxExpense": 1535000000,
    "netIncome": 4588000000,
    "netIncomeRatio": 0.13224951,
    "eps": 1.11,
    "epsdiluted": 1.11,
    "weightedAverageShsOut": 4140000000,
    "weightedAverageShsOutDil": 4143000000,
    "link": "https://www.sec.gov/Archives/edgar/data/732712/000073271221000012/0000732712-21-000012-index.htm",
    "finalLink": "https://www.sec.gov/Archives/edgar/data/732712/000073271221000012/vz-20201231.htm"
  },
  {
    "date": "2020-09-30",
    "symbol": "VZ",
    "reportedCurrency": "USD",
    "cik": "0000732712",
    "fillingDate": "2020-10-27",
    "acceptedDate": "2020-10-27 11:25:00",
    "calendarYear": "2020",
    "period": "Q3",
    "revenue": 31543000000,
    "costOfRevenue": 12334000000,
    "grossProfit": 19209000000,
    "grossProfitRatio": 0.6089782202,
    "researchAndDevelopmentExpenses": 0,
    "generalAndAdministrativeExpenses": 0,
    "sellingAndMarketingExpenses": 0,
    "sellingGeneralAndAdministrativeExpenses": 7339000000,
    "otherExpenses": -787000000,
    "operatingExpenses": 11531000000,
    "costAndExpenses": 23865000000,
    "interestIncome": 13000000,
    "interestExpense": 1044000000,
    "depreciationAndAmortization": 4192000000,
    "ebitda": 11087000000,
    "ebitdaratio": 0.3514884443,
    "operatingIncome": 7678000000,
    "operatingIncomeRatio": 0.2434137527,
    "totalOtherIncomeExpensesNet": -1827000000,
    "incomeBeforeTax": 5851000000,
    "incomeBeforeTaxRatio": 0.1854928193,
    "incomeTaxExpense": 1347000000,
    "netIncome": 4357000000,
    "netIncomeRatio": 0.1381289034,
    "eps": 1.05,
    "epsdiluted": 1.05,
    "weightedAverageShsOut": 4140000000,
    "weightedAverageShsOutDil": 4142000000,
    "link": "https://www.sec.gov/Archives/edgar/data/732712/000073271220000061/0000732712-20-000061-index.htm",
    "finalLink": "https://www.sec.gov/Archives/edgar/data/732712/000073271220000061/vz-20200930.htm"
  },
  {
    "date": "2020-06-30",
    "symbol": "VZ",
    "reportedCurrency": "USD",
    "cik": "0000732712",
    "fillingDate": "2020-07-28",
    "acceptedDate": "2020-07-28 11:13:43",
    "calendarYear": "2020",
    "period": "Q2",
    "revenue": 30447000000,
    "costOfRevenue": 11749000000,
    "grossProfit": 18698000000,
    "grossProfitRatio": 0.6141163333,
    "researchAndDevelopmentExpenses": 0,
    "generalAndAdministrativeExpenses": 0,
    "sellingAndMarketingExpenses": 0,
    "sellingGeneralAndAdministrativeExpenses": 7156000000,
    "otherExpenses": -88000000,
    "operatingExpenses": 11337000000,
    "costAndExpenses": 23086000000,
    "interestIncome": 16000000,
    "interestExpense": 1089000000,
    "depreciationAndAmortization": 4181000000,
    "ebitda": 11827000000,
    "ebitdaratio": 0.3884454955,
    "operatingIncome": 7361000000,
    "operatingIncomeRatio": 0.2417643774,
    "totalOtherIncomeExpensesNet": -1174000000,
    "incomeBeforeTax": 6187000000,
    "incomeBeforeTaxRatio": 0.2032055703,
    "incomeTaxExpense": 1348000000,
    "netIncome": 4700000000,
    "netIncomeRatio": 0.1543666043,
    "eps": 1.14,
    "epsdiluted": 1.13,
    "weightedAverageShsOut": 4139000000,
    "weightedAverageShsOutDil": 4141000000,
    "link": "https://www.sec.gov/Archives/edgar/data/732712/000073271220000052/0000732712-20-000052-index.htm",
    "finalLink": "https://www.sec.gov/Archives/edgar/data/732712/000073271220000052/vz-20200630.htm"
  },
  {
    "date": "2020-03-31",
    "symbol": "VZ",
    "reportedCurrency": "USD",
    "cik": "0000732712",
    "fillingDate": "2020-04-27",
    "acceptedDate": "2020-04-27 11:29:02",
    "calendarYear": "2020",
    "period": "Q1",
    "revenue": 31610000000,
    "costOfRevenue": 12296000000,
    "grossProfit": 19314000000,
    "grossProfitRatio": 0.6110091743,
    "researchAndDevelopmentExpenses": 0,
    "generalAndAdministrativeExpenses": 0,
    "sellingAndMarketingExpenses": 0,
    "sellingGeneralAndAdministrativeExpenses": 8585000000,
    "otherExpenses": 123000000,
    "operatingExpenses": 12735000000,
    "costAndExpenses": 25031000000,
    "interestIncome": 20000000,
    "interestExpense": 1034000000,
    "depreciationAndAmortization": 4150000000,
    "ebitda": 10860000000,
    "ebitdaratio": 0.3435621639,
    "operatingIncome": 6579000000,
    "operatingIncomeRatio": 0.2081303385,
    "totalOtherIncomeExpensesNet": -903000000,
    "incomeBeforeTax": 5676000000,
    "incomeBeforeTaxRatio": 0.1795634293,
    "incomeTaxExpense": 1389000000,
    "netIncome": 4156000000,
    "netIncomeRatio": 0.1314773806,
    "eps": 1,
    "epsdiluted": 1,
    "weightedAverageShsOut": 4139000000,
    "weightedAverageShsOutDil": 4141000000,
    "link": "https://www.sec.gov/Archives/edgar/data/732712/000073271220000027/0000732712-20-000027-index.htm",
    "finalLink": "https://www.sec.gov/Archives/edgar/data/732712/000073271220000027/a2020q110-q.htm"
  }
]