[
  {
    "date": "2024-12-31",
    "symbol": "VZ",
    "reportedCurrency": "USD",
    "cik": "0000732712",
    "fillingDate": "2025-02-12",
    "acceptedDate": "2025-02-12 10:19:07",
    "calendarYear": "2024",
    "period": "FY",
    "revenue": 134788000000,
    "costOfRevenue": 54097000000,
    "grossProfit": 80691000000,
    "grossProfitRatio": 0.5986512152,
    "researchAndDevelopmentExpenses": 0,
    "generalAndAdministrativeExpenses": 0,
    "sellingAndMarketingExpenses": 0,
    "sellingGeneralAndAdministrativeExpenses": 34113000000,
    "otherExpenses": 17892000000,
    "operatingExpenses": 52005000000,
    "costAndExpenses": 106102000000,
    "interestIncome": 336000000,
    "interestExpense": 6649000000,
    "depreciationAndAmortization": 17892000000,
    "ebitda": 47520000000,
    "ebitdaratio": 0.3525536398,
    "operatingIncome": 28686000000,
    "operatingIncomeRatio": 0.2128231,
    "totalOtherIncomeExpensesNet": -5707000000,
    "incomeBeforeTax": 22979000000,
    "incomeBeforeTaxRatio": 0.1704825355,
    "incomeTaxExpense": 5030000000,
    "netIncome": 17506000000,
    "netIncomeRatio": 0.1298780307,
    "eps": 4.15,
    "epsdiluted": 4.15,
    "weightedAverageShsOut": 4218000000,
    "weightedAverageShsOutDil": 4218000000,
    "link": "https://www.sec.gov/Archives/edgar/data/732712/000073271225000006/0000732712-25-000006-index.htm",
    "finalLink": "https://www.sec.gov/Archives/edgar/data/732712/000073271225000006/vz-20241231.htm"
  },
  {
    "date": "2023-12-31",
    "symbol": "VZ",
    "reportedCurrency": "USD",
    "cik": "0000732712",
    "fillingDate": "2024-02-09",
    "acceptedDate": "2024-02-09 10:51:34",
    "calendarYear": "2023",
    "period": "FY",
    "revenue": 133974000000,
    "costOfRevenue": 54887000000,
    "grossProfit": 79087000000,
    "grossProfitRatio": 0.5903160315,
    "researchAndDevelopmentExpenses": 0,
    "generalAndAdministrativeExpenses": 27452000000,
    "sellingAndMarketingExpenses": 3847000000,
    "sellingGeneralAndAdministrativeExpenses": 31299000000,
    "otherExpenses": 24911000000,
    "operatingExpenses": 56210000000,
    "costAndExpenses": 111097000000,
    "interestIncome": 354000000,
    "interestExpense": 5524000000,
    "depreciationAndAmortization": 17624000000,
    "ebitda": 40136000000,
    "ebitdaratio": 0.2995805156,
    "operatingIncome": 22877000000,
    "operatingIncomeRatio": 0.1707570126,
    "totalOtherIncomeExpensesNet": -5890000000,
    "incomeBeforeTax": 16987000000,
    "incomeBeforeTaxRatio": 0.1267932584,
    "incomeTaxExpense": 4892000000,
    "netIncome": 11614000000,
    "netIncomeRatio": 0.0866884619,
    "eps": 2.76,
    "epsdiluted": 2.75,
    "weightedAverageShsOut": 4211000000,
    "weightedAverageShsOutDil": 4215000000,
    "link": "https://www.sec.gov/Archives/edgar/data/732712/000073271224000010/0000732712-24-000010-index.htm",
    "finalLink": "https://www.sec.gov/Archives/edgar/data/732712/000073271224000010/vz-20231231.htm"
  },
  {
    "date": "2022-12-31",
    "symbol": "VZ",
    "reportedCurrency": "USD",
    "cik": "0000732712",
    "fillingDate": "2023-02-10",
    "acceptedDate": "2023-02-10 11:54:36",
    "calendarYear": "2022",
    "period": "FY",
    "revenue": 136835000000,
    "costOfRevenue": 59133000000,
    "grossProfit": 77702000000,
    "grossProfitRatio": 0.5678517923,
    "researchAndDevelopmentExpenses": 0,
    "generalAndAdministrativeExpenses": 26580000000,
    "sellingAndMarketingExpenses": 3556000000,
    "sellingGeneralAndAdministrativeExpenses": 30136000000,
    "otherExpenses": 2304000000,
    "operatingExpenses": 47235000000,
    "costAndExpenses": 106368000000,
    "interestIncome": 146000000,
    "interestExpense": 3613000000,
    "depreciationAndAmortization": 17099000000,
    "ebitda": 48597000000,
    "ebitdaratio": 0.3551503636,
    "operatingIncome": 30467000000,
    "operatingIncomeRatio": 0.2226550225,
    "totalOtherIncomeExpensesNet": -2196000000,
    "incomeBeforeTax": 28271000000,
    "incomeBeforeTaxRatio": 0.2066064969,
    "incomeTaxExpense": 6523000000,
    "netIncome": 21256000000,
    "netIncomeRatio": 0.1553403734,
    "eps": 5.06,
    "epsdiluted": 5.06,
    "weightedAverageShsOut": 4202000000,
    "weightedAverageShsOutDil": 4204000000,
    "link": "https://www.sec.gov/Archives/edgar/data/732712/000073271223000012/0000732712-23-000012-index.htm",
    "finalLink": "https://www.sec.gov/Archives/edgar/data/732712/000073271223000012/vz-20221231.htm"
  },
  {
    "date": "2021-12-31",
    "symbol": "VZ",
    "reportedCurrency": "USD",
    "cik": "0000732712",
    "fillingDate": "2022-02-11",
    "acceptedDate": "2022-02-11 14:04:46",
    "calendarYear": "2021",
    "period": "FY",
    "revenue": 133613000000,
    "costOfRevenue": 56301000000,
    "grossProfit": 77312000000,
    "grossProfitRatio": 0.5786263313,
    "researchAndDevelopmentExpenses": 0,
    "generalAndAdministrativeExpenses": 25264000000,
    "sellingAndMarketingExpenses": 3394000000,
    "sellingGeneralAndAdministrativeExpenses": 28658000000,
    "otherExpenses": 3805000000,
    "operatingExpenses": 44864000000,
    "costAndExpenses": 101165000000,
    "interestIncome": 48000000,
    "interestExpense": 3485000000,
    "depreciationAndAmortization": 16206000000,
    "ebitda": 52871000000,
    "ebitdaratio": 0.395702514,
    "operatingIncome": 32448000000,
    "operatingIncomeRatio": 0.2428506208,
    "totalOtherIncomeExpensesNet": -3028000000,
    "incomeBeforeTax": 29420000000,
    "incomeBeforeTaxRatio": 0.2201881553,
    "incomeTaxExpense": 6802000000,
    "netIncome": 22065000000,
    "netIncomeRatio": 0.1651411165,
    "eps": 5.32,
    "epsdiluted": 5.32,
    "weightedAverageShsOut": 4148000000,
    "weightedAverageShsOutDil": 4150000000,
    "link": "https://www.sec.gov/Archives/edgar/data/732712/000073271222000008/0000732712-22-000008-index.htm",
    "finalLink": "https://www.sec.gov/Archives/edgar/data/732712/000073271222000008/vz-20211231.htm"
  },
  {
    "date": "2020-12-31",
    "symbol": "VZ",
    "reportedCurrency": "USD",
    "cik": "0000732712",
    "fillingDate": "2021-02-25",
    "acceptedDate": "2021-02-25 14:08:10",
    "calendarYear": "2020",
    "period": "FY",
    "revenue": 128292000000,
    "costOfRevenue": 51201000000,
    "grossProfit": 77091000000,
    "grossProfitRatio": 0.6009026284,
    "researchAndDevelopmentExpenses": 0,
    "generalAndAdministrativeExpenses": 28466000000,
    "sellingAndMarketingExpenses": 3107000000,
    "sellingGeneralAndAdministrativeExpenses": 31573000000,
    "otherExpenses": -475000000,
    "operatingExpenses": 48293000000,
    "costAndExpenses": 99494000000,
    "interestIncome": 65000000,
    "interestExpense": 4247000000,
    "depreciationAndAmortization": 16720000000,
    "ebitda": 48109000000,
    "ebitdaratio": 0.3749961026,
    "operatingIncome": 28798000000,
    "operatingIncomeRatio": 0.2244722976,
    "totalOtherIncomeExpensesNet": -4831000000,
    "incomeBeforeTax": 23967000000,
    "incomeBeforeTaxRatio": 0.1868160135,
    "incomeTaxExpense": 5619000000,
    "netIncome": 17801000000,
    "netIncomeRatio": 0.1387537804,
    "eps": 4.3,
    "epsdiluted": 4.3,
    "weightedAverageShsOut": 4140000000,
    "weightedAverageShsOutDil": 4142000000,
    "link": "https://www.sec.gov/Archives/edgar/data/732712/000073271221000012/0000732712-21-000012-index.htm",
    "finalLink": "https://www.sec.gov/Archives/edgar/data/732712/000073271221000012/vz-20201231.htm"
  },
  {
    "date": "2019-12-31",
    "symbol": "VZ",
    "reportedCurrency": "USD",
    "cik": "0000732712",
    "fillingDate": "2020-02-21",
    "acceptedDate": "2020-02-21 11:20:18",
    "calendarYear": "2019",
    "period": "FY",
    "revenue": 131868000000,
    "costOfRevenue": 54726000000,
    "grossProfit": 77142000000,
    "grossProfitRatio": 0.584994085,
    "researchAndDevelopmentExpenses": 0,
    "generalAndAdministrativeExpenses": 26825000000,
    "sellingAndMarketingExpenses": 3071000000,
    "sellingGeneralAndAdministrativeExpenses": 29896000000,
    "otherExpenses": 583000000,
    "operatingExpenses": 46578000000,
    "costAndExpenses": 101304000000,
    "interestIncome": 121000000,
    "interestExpense": 4730000000,
    "depreciationAndAmortization": 16682000000,
    "ebitda": 47999000000,
    "ebitdaratio": 0.3639927807,
    "operatingIncome": 30378000000,
    "operatingIncomeRatio": 0.2303667304,
    "totalOtherIncomeExpensesNet": -7645000000,
    "incomeBeforeTax": 22733000000,
    "incomeBeforeTaxRatio": 0.1723920891,
    "incomeTaxExpense": 2945000000,
    "netIncome": 19265000000,
    "netIncomeRatio": 0.1460930628,
    "eps": 4.66,
    "epsdiluted": 4.65,
    "weightedAverageShsOut": 4138000000,
    "weightedAverageShsOutDil": 4140000000,
    "link": "https://www.sec.gov/Archives/edgar/data/732712/000073271220000014/0000732712-20-000014-index.htm",
    "finalLink": "https://www.sec.gov/Archives/edgar/data/732712/000073271220000014/a2019q410-k.htm"
  },
  {
    "date": "2018-12-31",
    "symbol": "VZ",
    "reportedCurrency": "USD",
    "cik": "0000732712",
    "fillingDate": "2019-02-15",
    "acceptedDate": "2019-02-15 13:42:40",
    "calendarYear": "2018",
    "period": "FY",
    "revenue": 130863000000,
    "costOfRevenue": 55508000000,
    "grossProfit": 75355000000,
    "grossProfitRatio": 0.5758312128,
    "researchAndDevelopmentExpenses": 0,
    "generalAndAdministrativeExpenses": 28401000000,
    "sellingAndMarketingExpenses": 2682000000,
    "sellingGeneralAndAdministrativeExpenses": 31083000000,
    "otherExpenses": 2995000000,
    "operatingExpenses": 48486000000,
    "costAndExpenses": 103994000000,
    "interestIncome": 94000000,
    "interestExpense": 4833000000,
    "depreciationAndAmortization": 17403000000,
    "ebitda": 47040000000,
    "ebitdaratio": 0.3594598932,
    "operatingIncome": 22278000000,
    "operatingIncomeRatio": 0.170239105,
    "totalOtherIncomeExpensesNet": -2655000000,
    "incomeBeforeTax": 19623000000,
    "incomeBeforeTaxRatio": 0.1499507118,
    "incomeTaxExpense": 3584000000,
    "netIncome": 15528000000,
    "netIncomeRatio": 0.1186584443,
    "eps": 3.76,
    "epsdiluted": 3.76,
    "weightedAverageShsOut": 4128000000,
    "weightedAverageShsOutDil": 4132000000,
    "link": "https://www.sec.gov/Archives/edgar/data/732712/000073271219000012/0000732712-19-000012-index.htm",
    "finalLink": "https://www.sec.gov/Archives/edgar/data/732712/000073271219000012/a2018q410-k.htm"
  },
  {
    "date": "2017-12-31",
    "symbol": "VZ",
    "reportedCurrency": "USD",
    "cik": "0000732712",
    "fillingDate": "2018-02-23",
    "acceptedDate": "2018-02-23 13:15:54",
    "calendarYear": "2017",
    "period": "FY",
    "revenue": 126034000000,
    "costOfRevenue": 53063000000,
    "grossProfit": 72971000000,
    "grossProfitRatio": 0.5789786883,
    "researchAndDevelopmentExpenses": 0,
    "generalAndAdministrativeExpenses": 24175000000,
    "sellingAndMarketingExpenses": 2643000000,
    "sellingGeneralAndAdministrativeExpenses": 26818000000,
    "otherExpenses": -120000000,
    "operatingExpenses": 43772000000,
    "costAndExpenses": 96835000000,
    "interestIncome": 82000000,
    "interestExpense": 4733000000,
    "depreciationAndAmortization": 16954000000,
    "ebitda": 46538000000,
    "ebitdaratio": 0.3692495676,
    "operatingIncome": 27425000000,
    "operatingIncomeRatio": 0.2176000127,
    "totalOtherIncomeExpensesNet": -6831000000,
    "incomeBeforeTax": 20594000000,
    "incomeBeforeTaxRatio": 0.1634003523,
    "incomeTaxExpense": -9956000000,
    "netIncome": 30101000000,
    "netIncomeRatio": 0.2388323786,
    "eps": 7.37,
    "epsdiluted": 7.36,
    "weightedAverageShsOut": 4084000000,
    "weightedAverageShsOutDil": 4089000000,
    "link": "https://www.sec.gov/Archives/edgar/data/732712/000073271218000009/0000732712-18-000009-index.htm",
    "finalLink": "https://www.sec.gov/Archives/edgar/data/732712/000073271218000009/a201710-k.htm"
  },
  {
    "date": "2016-12-31",
    "symbol": "VZ",
    "reportedCurrency": "USD",
    "cik": "0000732712",
    "fillingDate": "2017-02-21",
    "acceptedDate": "2017-02-21 15:21:12",
    "calendarYear": "2016",
    "period": "FY",
    "revenue": 125980000000,
    "costOfRevenue": 52701000000,
    "grossProfit": 73279000000,
    "grossProfitRatio": 0.5816716939,
    "researchAndDevelopmentExpenses": 0,
    "generalAndAdministrativeExpenses": 24351000000,
    "sellingAndMarketingExpenses": 2744000000,
    "sellingGeneralAndAdministrativeExpenses": 27095000000,
    "otherExpenses": -3848000000,
    "operatingExpenses": 43023000000,
    "costAndExpenses": 95724000000,
    "interestIncome": 59000000,
    "interestExpense": 4376000000,
    "depreciationAndAmortization": 15928000000,
    "ebitda": 45768000000,
    "ebitdaratio": 0.3632957612,
    "operatingIncome": 29249000000,
    "operatingIncomeRatio": 0.2321717733,
    "totalOtherIncomeExpensesNet": -8263000000,
    "incomeBeforeTax": 20986000000,
    "incomeBeforeTaxRatio": 0.1665819971,
    "incomeTaxExpense": 7378000000,
    "netIncome": 13127000000,
    "netIncomeRatio": 0.1041990792,
    "eps": 3.22,
    "epsdiluted": 3.21,
    "weightedAverageShsOut": 4080000000,
    "weightedAverageShsOutDil": 4086000000,
    "link": "https://www.sec.gov/Archives/edgar/data/732712/000119312517050292/0001193125-17-050292-index.htm",
    "finalLink": "https://www.sec.gov/Archives/edgar/data/732712/000119312517050292/d296602d10k.htm"
  },
  {
    "date": "2015-12-31",
    "symbol": "VZ",
    "reportedCurrency": "USD",
    "cik": "0000732712",
    "fillingDate": "2016-02-23",
    "acceptedDate": "2016-02-23 15:09:48",
    "calendarYear": "2015",
    "period": "FY",
    "revenue": 131620000000,
    "costOfRevenue": 52557000000,
    "grossProfit": 79063000000,
    "grossProfitRatio": 0.6006913843,
    "researchAndDevelopmentExpenses": 0,
    "generalAndAdministrativeExpenses": 27237000000,
    "sellingAndMarketingExpenses": 2749000000,
    "sellingGeneralAndAdministrativeExpenses": 29986000000,
    "otherExpenses": 71000000,
    "operatingExpenses": 46003000000,
    "costAndExpenses": 98560000000,
    "interestIncome": 115000000,
    "interestExpense": 4920000000,
    "depreciationAndAmortization": 16017000000,
    "ebitda": 49177000000,
    "ebitdaratio": 0.3736286279,
    "operatingIncome": 33060000000,
    "operatingIncomeRatio": 0.2511776326,
    "totalOtherIncomeExpensesNet": -4820000000,
    "incomeBeforeTax": 28240000000,
    "incomeBeforeTaxRatio": 0.2145570582,
    "incomeTaxExpense": 9865000000,
    "netIncome": 17879000000,
    "netIncomeRatio": 0.1358380185,
    "eps": 4.38,
    "epsdiluted": 4.37,
    "weightedAverageShsOut": 4085000000,
    "weightedAverageShsOutDil": 4093000000,
    "link": "https://www.sec.gov/Archives/edgar/data/732712/000119312516473367/0001193125-16-473367-index.htm",
    "finalLink": "https://www.sec.gov/Archives/edgar/data/732712/000119312516473367/d35513d10k.htm"
  }
]