[
  {
    "date": "2024-12-31",
    "symbol": "LMT",
    "reportedCurrency": "USD",
    "cik": "0000936468",
    "fillingDate": "2025-01-28",
    "acceptedDate": "2025-01-28 16:12:50",
    "calendarYear": "2024",
    "period": "FY",
    "revenue": 71043000000,
    "costOfRevenue": 64113000000,
    "grossProfit": 6930000000,
    "grossProfitRatio": 0.0975465563,
    "researchAndDevelopmentExpenses": 0,
    "generalAndAdministrativeExpenses": 0,
    "sellingAndMarketingExpenses": 0,
    "sellingGeneralAndAdministrativeExpenses": -83000000,
    "otherExpenses": 0,
    "operatingExpenses": -83000000,
    "costAndExpenses": 64030000000,
    "interestIncome": 0,
    "interestExpense": 1036000000,
    "depreciationAndAmortization": 1559000000,
    "ebitda": 8815000000,
    "ebitdaratio": 0.1240797827,
    "operatingIncome": 7013000000,
    "operatingIncomeRatio": 0.0987148628,
    "totalOtherIncomeExpensesNet": -793000000,
    "incomeBeforeTax": 6220000000,
    "incomeBeforeTaxRatio": 0.087552609,
    "incomeTaxExpense": 884000000,
    "netIncome": 5336000000,
    "netIncomeRatio": 0.0751094408,
    "eps": 22.39,
    "epsdiluted": 22.31,
    "weightedAverageShsOut": 238300000,
    "weightedAverageShsOutDil": 239200000,
    "link": "https://www.sec.gov/Archives/edgar/data/936468/000093646825000009/0000936468-25-000009-index.htm",
    "finalLink": "https://www.sec.gov/Archives/edgar/data/936468/000093646825000009/lmt-20241231.htm"
  },
  {
    "date": "2023-12-31",
    "symbol": "LMT",
    "reportedCurrency": "USD",
    "cik": "0000936468",
    "fillingDate": "2024-01-23",
    "acceptedDate": "2024-01-23 16:17:08",
    "calendarYear": "2023",
    "period": "FY",
    "revenue": 67571000000,
    "costOfRevenue": 59092000000,
    "grossProfit": 8479000000,
    "grossProfitRatio": 0.1254828255,
    "researchAndDevelopmentExpenses": 1500000000,
    "generalAndAdministrativeExpenses": 0,
    "sellingAndMarketingExpenses": 0,
    "sellingGeneralAndAdministrativeExpenses": -1528000000,
    "otherExpenses": 0,
    "operatingExpenses": -28000000,
    "costAndExpenses": 59064000000,
    "interestIncome": 0,
    "interestExpense": 916000000,
    "depreciationAndAmortization": 1430000000,
    "ebitda": 10444000000,
    "ebitdaratio": 0.1545633482,
    "operatingIncome": 8507000000,
    "operatingIncomeRatio": 0.1258972044,
    "totalOtherIncomeExpensesNet": -409000000,
    "incomeBeforeTax": 8098000000,
    "incomeBeforeTaxRatio": 0.1198443119,
    "incomeTaxExpense": 1178000000,
    "netIncome": 6920000000,
    "netIncomeRatio": 0.1024107975,
    "eps": 27.65,
    "epsdiluted": 27.55,
    "weightedAverageShsOut": 250300000,
    "weightedAverageShsOutDil": 251200000,
    "link": "https://www.sec.gov/Archives/edgar/data/936468/000093646824000010/0000936468-24-000010-index.htm",
    "finalLink": "https://www.sec.gov/Archives/edgar/data/936468/000093646824000010/lmt-20231231.htm"
  },
  {
    "date": "2022-12-31",
    "symbol": "LMT",
    "reportedCurrency": "USD",
    "cik": "0000936468",
    "fillingDate": "2023-01-26",
    "acceptedDate": "2023-01-26 16:29:45",
    "calendarYear": "2022",
    "period": "FY",
    "revenue": 65984000000,
    "costOfRevenue": 57697000000,
    "grossProfit": 8287000000,
    "grossProfitRatio": 0.1255910524,
    "researchAndDevelopmentExpenses": 1700000000,
    "generalAndAdministrativeExpenses": 0,
    "sellingAndMarketingExpenses": 0,
    "sellingGeneralAndAdministrativeExpenses": 865000000,
    "otherExpenses": -61000000,
    "operatingExpenses": -61000000,
    "costAndExpenses": 57636000000,
    "interestIncome": 623000000,
    "interestExpense": 623000000,
    "depreciationAndAmortization": 1404000000,
    "ebitda": 8707000000,
    "ebitdaratio": 0.1319562318,
    "operatingIncome": 8348000000,
    "operatingIncomeRatio": 0.1265155189,
    "totalOtherIncomeExpensesNet": -1668000000,
    "incomeBeforeTax": 6680000000,
    "incomeBeforeTaxRatio": 0.1012366634,
    "incomeTaxExpense": 948000000,
    "netIncome": 5732000000,
    "netIncomeRatio": 0.0868695441,
    "eps": 21.74,
    "epsdiluted": 21.66,
    "weightedAverageShsOut": 263700000,
    "weightedAverageShsOutDil": 264600000,
    "link": "https://www.sec.gov/Archives/edgar/data/936468/000093646823000009/0000936468-23-000009-index.htm",
    "finalLink": "https://www.sec.gov/Archives/edgar/data/936468/000093646823000009/lmt-20221231.htm"
  },
  {
    "date": "2021-12-31",
    "symbol": "LMT",
    "reportedCurrency": "USD",
    "cik": "0000936468",
    "fillingDate": "2022-01-25",
    "acceptedDate": "2022-01-25 07:58:39",
    "calendarYear": "2021",
    "period": "FY",
    "revenue": 67044000000,
    "costOfRevenue": 57983000000,
    "grossProfit": 9061000000,
    "grossProfitRatio": 0.1351500507,
    "researchAndDevelopmentExpenses": 1500000000,
    "generalAndAdministrativeExpenses": 0,
    "sellingAndMarketingExpenses": 0,
    "sellingGeneralAndAdministrativeExpenses": 1241000000,
    "otherExpenses": -62000000,
    "operatingExpenses": -62000000,
    "costAndExpenses": 57921000000,
    "interestIncome": 569000000,
    "interestExpense": 569000000,
    "depreciationAndAmortization": 1364000000,
    "ebitda": 9483000000,
    "ebitdaratio": 0.1414444246,
    "operatingIncome": 9123000000,
    "operatingIncomeRatio": 0.1360748165,
    "totalOtherIncomeExpensesNet": -1573000000,
    "incomeBeforeTax": 7550000000,
    "incomeBeforeTaxRatio": 0.1126126126,
    "incomeTaxExpense": 1235000000,
    "netIncome": 6315000000,
    "netIncomeRatio": 0.094191874,
    "eps": 22.85,
    "epsdiluted": 22.77,
    "weightedAverageShsOut": 276400000,
    "weightedAverageShsOutDil": 277400000,
    "link": "https://www.sec.gov/Archives/edgar/data/936468/000093646822000008/0000936468-22-000008-index.htm",
    "finalLink": "https://www.sec.gov/Archives/edgar/data/936468/000093646822000008/lmt-20211231.htm"
  },
  {
    "date": "2020-12-31",
    "symbol": "LMT",
    "reportedCurrency": "USD",
    "cik": "0000936468",
    "fillingDate": "2021-01-28",
    "acceptedDate": "2021-01-28 17:08:55",
    "calendarYear": "2020",
    "period": "FY",
    "revenue": 65398000000,
    "costOfRevenue": 56744000000,
    "grossProfit": 8654000000,
    "grossProfitRatio": 0.1323282058,
    "researchAndDevelopmentExpenses": 1300000000,
    "generalAndAdministrativeExpenses": 0,
    "sellingAndMarketingExpenses": 0,
    "sellingGeneralAndAdministrativeExpenses": 241000000,
    "otherExpenses": 10000000,
    "operatingExpenses": 10000000,
    "costAndExpenses": 56754000000,
    "interestIncome": 591000000,
    "interestExpense": 591000000,
    "depreciationAndAmortization": 1290000000,
    "ebitda": 10116000000,
    "ebitdaratio": 0.1546836295,
    "operatingIncome": 8644000000,
    "operatingIncomeRatio": 0.1321752959,
    "totalOtherIncomeExpensesNet": -409000000,
    "incomeBeforeTax": 8235000000,
    "incomeBeforeTaxRatio": 0.125921282,
    "incomeTaxExpense": 1347000000,
    "netIncome": 6833000000,
    "netIncomeRatio": 0.1044833175,
    "eps": 24.4,
    "epsdiluted": 24.3,
    "weightedAverageShsOut": 280000000,
    "weightedAverageShsOutDil": 281200000,
    "link": "https://www.sec.gov/Archives/edgar/data/936468/000093646821000013/0000936468-21-000013-index.htm",
    "finalLink": "https://www.sec.gov/Archives/edgar/data/936468/000093646821000013/lmt-20201231.htm"
  },
  {
    "date": "2019-12-31",
    "symbol": "LMT",
    "reportedCurrency": "USD",
    "cik": "0000936468",
    "fillingDate": "2020-02-07",
    "acceptedDate": "2020-02-07 11:44:16",
    "calendarYear": "2019",
    "period": "FY",
    "revenue": 59812000000,
    "costOfRevenue": 51445000000,
    "grossProfit": 8367000000,
    "grossProfitRatio": 0.1398883167,
    "researchAndDevelopmentExpenses": 1300000000,
    "generalAndAdministrativeExpenses": 0,
    "sellingAndMarketingExpenses": 0,
    "sellingGeneralAndAdministrativeExpenses": 608000000,
    "otherExpenses": -178000000,
    "operatingExpenses": -178000000,
    "costAndExpenses": 51445000000,
    "interestIncome": 653000000,
    "interestExpense": 653000000,
    "depreciationAndAmortization": 1189000000,
    "ebitda": 9083000000,
    "ebitdaratio": 0.1518591587,
    "operatingIncome": 8545000000,
    "operatingIncomeRatio": 0.1428643082,
    "totalOtherIncomeExpensesNet": -1304000000,
    "incomeBeforeTax": 7241000000,
    "incomeBeforeTaxRatio": 0.121062663,
    "incomeTaxExpense": 1011000000,
    "netIncome": 6230000000,
    "netIncomeRatio": 0.1041597004,
    "eps": 22.09,
    "epsdiluted": 21.95,
    "weightedAverageShsOut": 282000000,
    "weightedAverageShsOutDil": 283800000,
    "link": "https://www.sec.gov/Archives/edgar/data/936468/000093646820000016/0000936468-20-000016-index.htm",
    "finalLink": "https://www.sec.gov/Archives/edgar/data/936468/000093646820000016/lmtq4201910k.htm"
  },
  {
    "date": "2018-12-31",
    "symbol": "LMT",
    "reportedCurrency": "USD",
    "cik": "0000936468",
    "fillingDate": "2019-02-08",
    "acceptedDate": "2019-02-08 11:38:57",
    "calendarYear": "2018",
    "period": "FY",
    "revenue": 53762000000,
    "costOfRevenue": 46392000000,
    "grossProfit": 7370000000,
    "grossProfitRatio": 0.1370856739,
    "researchAndDevelopmentExpenses": 1300000000,
    "generalAndAdministrativeExpenses": 0,
    "sellingAndMarketingExpenses": 0,
    "sellingGeneralAndAdministrativeExpenses": 777000000,
    "otherExpenses": -768000000,
    "operatingExpenses": -60000000,
    "costAndExpenses": 46488000000,
    "interestIncome": 0,
    "interestExpense": 668000000,
    "depreciationAndAmortization": 1161000000,
    "ebitda": 7667000000,
    "ebitdaratio": 0.1426100219,
    "operatingIncome": 7334000000,
    "operatingIncomeRatio": 0.136416056,
    "totalOtherIncomeExpensesNet": -1496000000,
    "incomeBeforeTax": 5838000000,
    "incomeBeforeTaxRatio": 0.1085897102,
    "incomeTaxExpense": 792000000,
    "netIncome": 5046000000,
    "netIncomeRatio": 0.0938581154,
    "eps": 17.74,
    "epsdiluted": 17.59,
    "weightedAverageShsOut": 284500000,
    "weightedAverageShsOutDil": 286800000,
    "link": "https://www.sec.gov/Archives/edgar/data/936468/000093646819000009/0000936468-19-000009-index.htm",
    "finalLink": "https://www.sec.gov/Archives/edgar/data/936468/000093646819000009/lmtq4201810k.htm"
  },
  {
    "date": "2017-12-31",
    "symbol": "LMT",
    "reportedCurrency": "USD",
    "cik": "0000936468",
    "fillingDate": "2018-02-16",
    "acceptedDate": "2018-02-16 16:37:09",
    "calendarYear": "2017",
    "period": "FY",
    "revenue": 51048000000,
    "costOfRevenue": 45500000000,
    "grossProfit": 5548000000,
    "grossProfitRatio": 0.1086820248,
    "researchAndDevelopmentExpenses": 1200000000,
    "generalAndAdministrativeExpenses": 0,
    "sellingAndMarketingExpenses": 0,
    "sellingGeneralAndAdministrativeExpenses": 746000000,
    "otherExpenses": 372000000,
    "operatingExpenses": -373000000,
    "costAndExpenses": 45500000000,
    "interestIncome": 0,
    "interestExpense": 651000000,
    "depreciationAndAmortization": 1195000000,
    "ebitda": 7092000000,
    "ebitdaratio": 0.1389280677,
    "operatingIncome": 5921000000,
    "operatingIncomeRatio": 0.1159888732,
    "totalOtherIncomeExpensesNet": -347000000,
    "incomeBeforeTax": 5269000000,
    "incomeBeforeTaxRatio": 0.1032165805,
    "incomeTaxExpense": 3340000000,
    "netIncome": 2002000000,
    "netIncomeRatio": 0.0392179909,
    "eps": 6.96,
    "epsdiluted": 6.89,
    "weightedAverageShsOut": 287800000,
    "weightedAverageShsOutDil": 290600000,
    "link": "https://www.sec.gov/Archives/edgar/data/936468/000093646818000013/0000936468-18-000013-index.htm",
    "finalLink": "https://www.sec.gov/Archives/edgar/data/936468/000093646818000013/lmtq4201710ka.htm"
  },
  {
    "date": "2016-12-31",
    "symbol": "LMT",
    "reportedCurrency": "USD",
    "cik": "0000936468",
    "fillingDate": "2017-02-09",
    "acceptedDate": "2017-02-09 16:32:41",
    "calendarYear": "2016",
    "period": "FY",
    "revenue": 47248000000,
    "costOfRevenue": 42106000000,
    "grossProfit": 5142000000,
    "grossProfitRatio": 0.1088300034,
    "researchAndDevelopmentExpenses": 988000000,
    "generalAndAdministrativeExpenses": 0,
    "sellingAndMarketingExpenses": 0,
    "sellingGeneralAndAdministrativeExpenses": 471000000,
    "otherExpenses": 487000000,
    "operatingExpenses": -487000000,
    "costAndExpenses": 42186000000,
    "interestIncome": 0,
    "interestExpense": 663000000,
    "depreciationAndAmortization": 1167000000,
    "ebitda": 6716000000,
    "ebitdaratio": 0.1421435828,
    "operatingIncome": 5549000000,
    "operatingIncomeRatio": 0.1174441246,
    "totalOtherIncomeExpensesNet": -663000000,
    "incomeBeforeTax": 4886000000,
    "incomeBeforeTaxRatio": 0.1034117846,
    "incomeTaxExpense": 1133000000,
    "netIncome": 5302000000,
    "netIncomeRatio": 0.1122163901,
    "eps": 17.71,
    "epsdiluted": 17.49,
    "weightedAverageShsOut": 299300000,
    "weightedAverageShsOutDil": 303100000,
    "link": "https://www.sec.gov/Archives/edgar/data/936468/000119312517036192/0001193125-17-036192-index.htm",
    "finalLink": "https://www.sec.gov/Archives/edgar/data/936468/000119312517036192/d290249d10k.htm"
  },
  {
    "date": "2015-12-31",
    "symbol": "LMT",
    "reportedCurrency": "USD",
    "cik": "0000936468",
    "fillingDate": "2016-02-24",
    "acceptedDate": "2016-02-24 17:21:12",
    "calendarYear": "2015",
    "period": "FY",
    "revenue": 46132000000,
    "costOfRevenue": 40830000000,
    "grossProfit": 5302000000,
    "grossProfitRatio": 0.1149310674,
    "researchAndDevelopmentExpenses": 817000000,
    "generalAndAdministrativeExpenses": 0,
    "sellingAndMarketingExpenses": 0,
    "sellingGeneralAndAdministrativeExpenses": 0,
    "otherExpenses": 266000000,
    "operatingExpenses": -236000000,
    "costAndExpenses": 40932000000,
    "interestIncome": 0,
    "interestExpense": 443000000,
    "depreciationAndAmortization": 1026000000,
    "ebitda": 5687000000,
    "ebitdaratio": 0.1232766843,
    "operatingIncome": 5436000000,
    "operatingIncomeRatio": 0.1178357756,
    "totalOtherIncomeExpensesNet": -1137000000,
    "incomeBeforeTax": 5023000000,
    "incomeBeforeTaxRatio": 0.1088832047,
    "incomeTaxExpense": 1418000000,
    "netIncome": 3605000000,
    "netIncomeRatio": 0.0781453221,
    "eps": 11.62,
    "epsdiluted": 11.46,
    "weightedAverageShsOut": 310300000,
    "weightedAverageShsOutDil": 314700000,
    "link": "https://www.sec.gov/Archives/edgar/data/936468/000119312516476010/0001193125-16-476010-index.htm",
    "finalLink": "https://www.sec.gov/Archives/edgar/data/936468/000119312516476010/d62685d10k.htm"
  }
]