[
  {
    "date": "2024-12-31",
    "symbol": "LMT",
    "reportedCurrency": "USD",
    "cik": "0000936468",
    "fillingDate": "2025-01-28",
    "acceptedDate": "2025-01-28 16:12:50",
    "calendarYear": "2024",
    "period": "Q4",
    "revenue": 18622000000,
    "costOfRevenue": 17932000000,
    "grossProfit": 690000000,
    "grossProfitRatio": 0.0370529481,
    "researchAndDevelopmentExpenses": 0,
    "generalAndAdministrativeExpenses": 0,
    "sellingAndMarketingExpenses": 0,
    "sellingGeneralAndAdministrativeExpenses": -6000000,
    "otherExpenses": 0,
    "operatingExpenses": -6000000,
    "costAndExpenses": 17926000000,
    "interestIncome": 0,
    "interestExpense": 264000000,
    "depreciationAndAmortization": 459000000,
    "ebitda": 1242000000,
    "ebitdaratio": 0.0666953066,
    "operatingIncome": 696000000,
    "operatingIncomeRatio": 0.0373751477,
    "totalOtherIncomeExpensesNet": -177000000,
    "incomeBeforeTax": 519000000,
    "incomeBeforeTaxRatio": 0.027870261,
    "incomeTaxExpense": -8000000,
    "netIncome": 527000000,
    "netIncomeRatio": 0.0282998604,
    "eps": 2.23,
    "epsdiluted": 2.22,
    "weightedAverageShsOut": 236000000,
    "weightedAverageShsOutDil": 237000000,
    "link": "https://www.sec.gov/Archives/edgar/data/936468/000093646825000009/0000936468-25-000009-index.htm",
    "finalLink": "https://www.sec.gov/Archives/edgar/data/936468/000093646825000009/lmt-20241231.htm"
  },
  {
    "date": "2024-09-29",
    "symbol": "LMT",
    "reportedCurrency": "USD",
    "cik": "0000936468",
    "fillingDate": "2024-10-22",
    "acceptedDate": "2024-10-22 16:28:35",
    "calendarYear": "2024",
    "period": "Q3",
    "revenue": 17104000000,
    "costOfRevenue": 14987000000,
    "grossProfit": 2117000000,
    "grossProfitRatio": 0.123772217,
    "researchAndDevelopmentExpenses": 0,
    "generalAndAdministrativeExpenses": 0,
    "sellingAndMarketingExpenses": 0,
    "sellingGeneralAndAdministrativeExpenses": 0,
    "otherExpenses": -23000000,
    "operatingExpenses": -23000000,
    "costAndExpenses": 14964000000,
    "interestIncome": 0,
    "interestExpense": 256000000,
    "depreciationAndAmortization": 390000000,
    "ebitda": 2564000000,
    "ebitdaratio": 0.1499064546,
    "operatingIncome": 2140000000,
    "operatingIncomeRatio": 0.1251169317,
    "totalOtherIncomeExpensesNet": -222000000,
    "incomeBeforeTax": 1918000000,
    "incomeBeforeTaxRatio": 0.1121375117,
    "incomeTaxExpense": 295000000,
    "netIncome": 1623000000,
    "netIncomeRatio": 0.0948900842,
    "eps": 6.83,
    "epsdiluted": 6.8,
    "weightedAverageShsOut": 237500000,
    "weightedAverageShsOutDil": 238600000,
    "link": "https://www.sec.gov/Archives/edgar/data/936468/000093646824000110/0000936468-24-000110-index.htm",
    "finalLink": "https://www.sec.gov/Archives/edgar/data/936468/000093646824000110/lmt-20240929.htm"
  },
  {
    "date": "2024-06-30",
    "symbol": "LMT",
    "reportedCurrency": "USD",
    "cik": "0000936468",
    "fillingDate": "2024-07-23",
    "acceptedDate": "2024-07-23 16:14:20",
    "calendarYear": "2024",
    "period": "Q2",
    "revenue": 18122000000,
    "costOfRevenue": 15905000000,
    "grossProfit": 2217000000,
    "grossProfitRatio": 0.1223374903,
    "researchAndDevelopmentExpenses": 0,
    "generalAndAdministrativeExpenses": -15000000,
    "sellingAndMarketingExpenses": 0,
    "sellingGeneralAndAdministrativeExpenses": -15000000,
    "otherExpenses": 46000000,
    "operatingExpenses": -33000000,
    "costAndExpenses": 15905000000,
    "interestIncome": 0,
    "interestExpense": 261000000,
    "depreciationAndAmortization": 359000000,
    "ebitda": 2568000000,
    "ebitdaratio": 0.1417062134,
    "operatingIncome": 2217000000,
    "operatingIncomeRatio": 0.1223374903,
    "totalOtherIncomeExpensesNet": -269000000,
    "incomeBeforeTax": 1948000000,
    "incomeBeforeTaxRatio": 0.1074936541,
    "incomeTaxExpense": 307000000,
    "netIncome": 1641000000,
    "netIncomeRatio": 0.0905529191,
    "eps": 6.87,
    "epsdiluted": 6.85,
    "weightedAverageShsOut": 238900000,
    "weightedAverageShsOutDil": 239600000,
    "link": "https://www.sec.gov/Archives/edgar/data/936468/000093646824000095/0000936468-24-000095-index.htm",
    "finalLink": "https://www.sec.gov/Archives/edgar/data/936468/000093646824000095/lmt-20240630.htm"
  },
  {
    "date": "2024-03-31",
    "symbol": "LMT",
    "reportedCurrency": "USD",
    "cik": "0000936468",
    "fillingDate": "2024-04-23",
    "acceptedDate": "2024-04-23 16:15:51",
    "calendarYear": "2024",
    "period": "Q1",
    "revenue": 17195000000,
    "costOfRevenue": 15202000000,
    "grossProfit": 1993000000,
    "grossProfitRatio": 0.1159057866,
    "researchAndDevelopmentExpenses": 0,
    "generalAndAdministrativeExpenses": -16000000,
    "sellingAndMarketingExpenses": 51000000,
    "sellingGeneralAndAdministrativeExpenses": 35000000,
    "otherExpenses": 97000000,
    "operatingExpenses": 97000000,
    "costAndExpenses": 15202000000,
    "interestIncome": 0,
    "interestExpense": 255000000,
    "depreciationAndAmortization": 351000000,
    "ebitda": 2441000000,
    "ebitdaratio": 0.1419598721,
    "operatingIncome": 1993000000,
    "operatingIncomeRatio": 0.1159057866,
    "totalOtherIncomeExpensesNet": -194000000,
    "incomeBeforeTax": 1835000000,
    "incomeBeforeTaxRatio": 0.1067170689,
    "incomeTaxExpense": 290000000,
    "netIncome": 1545000000,
    "netIncomeRatio": 0.0898517011,
    "eps": 6.42,
    "epsdiluted": 6.39,
    "weightedAverageShsOut": 240700000,
    "weightedAverageShsOutDil": 241600000,
    "link": "https://www.sec.gov/Archives/edgar/data/936468/000093646824000052/0000936468-24-000052-index.htm",
    "finalLink": "https://www.sec.gov/Archives/edgar/data/936468/000093646824000052/lmt-20240331.htm"
  },
  {
    "date": "2023-12-31",
    "symbol": "LMT",
    "reportedCurrency": "USD",
    "cik": "0000936468",
    "fillingDate": "2024-01-23",
    "acceptedDate": "2024-01-23 16:17:08",
    "calendarYear": "2023",
    "period": "Q4",
    "revenue": 18874000000,
    "costOfRevenue": 16579000000,
    "grossProfit": 2295000000,
    "grossProfitRatio": 0.1215958461,
    "researchAndDevelopmentExpenses": 1500000000,
    "generalAndAdministrativeExpenses": 0,
    "sellingAndMarketingExpenses": 0,
    "sellingGeneralAndAdministrativeExpenses": 125000000,
    "otherExpenses": 106000000,
    "operatingExpenses": 2000000,
    "costAndExpenses": 16581000000,
    "interestIncome": 0,
    "interestExpense": 254000000,
    "depreciationAndAmortization": 421000000,
    "ebitda": 2820000000,
    "ebitdaratio": 0.1494118894,
    "operatingIncome": 2293000000,
    "operatingIncomeRatio": 0.1214898803,
    "totalOtherIncomeExpensesNet": -148000000,
    "incomeBeforeTax": 2145000000,
    "incomeBeforeTaxRatio": 0.1136484052,
    "incomeTaxExpense": 279000000,
    "netIncome": 1866000000,
    "netIncomeRatio": 0.0988661651,
    "eps": 7.61,
    "epsdiluted": 7.58,
    "weightedAverageShsOut": 245200000,
    "weightedAverageShsOutDil": 246100000,
    "link": "https://www.sec.gov/Archives/edgar/data/936468/000093646824000010/0000936468-24-000010-index.htm",
    "finalLink": "https://www.sec.gov/Archives/edgar/data/936468/000093646824000010/lmt-20231231.htm"
  },
  {
    "date": "2023-09-24",
    "symbol": "LMT",
    "reportedCurrency": "USD",
    "cik": "0000936468",
    "fillingDate": "2023-10-17",
    "acceptedDate": "2023-10-17 16:11:06",
    "calendarYear": "2023",
    "period": "Q3",
    "revenue": 16878000000,
    "costOfRevenue": 14830000000,
    "grossProfit": 2048000000,
    "grossProfitRatio": 0.1213413912,
    "researchAndDevelopmentExpenses": 0,
    "generalAndAdministrativeExpenses": 0,
    "sellingAndMarketingExpenses": 0,
    "sellingGeneralAndAdministrativeExpenses": 124000000,
    "otherExpenses": 148000000,
    "operatingExpenses": 6000000,
    "costAndExpenses": 14836000000,
    "interestIncome": 237000000,
    "interestExpense": 237000000,
    "depreciationAndAmortization": 350000000,
    "ebitda": 2540000000,
    "ebitdaratio": 0.1504917644,
    "operatingIncome": 2042000000,
    "operatingIncomeRatio": 0.1209858988,
    "totalOtherIncomeExpensesNet": -89000000,
    "incomeBeforeTax": 1953000000,
    "incomeBeforeTaxRatio": 0.1157127622,
    "incomeTaxExpense": -269000000,
    "netIncome": 1684000000,
    "netIncomeRatio": 0.0997748548,
    "eps": 6.75,
    "epsdiluted": 6.73,
    "weightedAverageShsOut": 249300000,
    "weightedAverageShsOutDil": 250200000,
    "link": "https://www.sec.gov/Archives/edgar/data/936468/000093646823000123/0000936468-23-000123-index.htm",
    "finalLink": "https://www.sec.gov/Archives/edgar/data/936468/000093646823000123/lmt-20230924.htm"
  },
  {
    "date": "2023-06-25",
    "symbol": "LMT",
    "reportedCurrency": "USD",
    "cik": "0000936468",
    "fillingDate": "2023-07-19",
    "acceptedDate": "2023-07-18 18:43:40",
    "calendarYear": "2023",
    "period": "Q2",
    "revenue": 16693000000,
    "costOfRevenue": 14603000000,
    "grossProfit": 2090000000,
    "grossProfitRatio": 0.1252021806,
    "researchAndDevelopmentExpenses": 0,
    "generalAndAdministrativeExpenses": -111000000,
    "sellingAndMarketingExpenses": 237000000,
    "sellingGeneralAndAdministrativeExpenses": 126000000,
    "otherExpenses": -45000000,
    "operatingExpenses": -45000000,
    "costAndExpenses": 14558000000,
    "interestIncome": 223000000,
    "interestExpense": 223000000,
    "depreciationAndAmortization": 334000000,
    "ebitda": 2563000000,
    "ebitdaratio": 0.1535374109,
    "operatingIncome": 2135000000,
    "operatingIncomeRatio": 0.1278979213,
    "totalOtherIncomeExpensesNet": -129000000,
    "incomeBeforeTax": 2006000000,
    "incomeBeforeTaxRatio": 0.1201701312,
    "incomeTaxExpense": 325000000,
    "netIncome": 1681000000,
    "netIncomeRatio": 0.1007008926,
    "eps": 6.65,
    "epsdiluted": 6.63,
    "weightedAverageShsOut": 252800000,
    "weightedAverageShsOutDil": 253600000,
    "link": "https://www.sec.gov/Archives/edgar/data/936468/000093646823000099/0000936468-23-000099-index.htm",
    "finalLink": "https://www.sec.gov/Archives/edgar/data/936468/000093646823000099/lmt-20230625.htm"
  },
  {
    "date": "2023-03-26",
    "symbol": "LMT",
    "reportedCurrency": "USD",
    "cik": "0000936468",
    "fillingDate": "2023-04-18",
    "acceptedDate": "2023-04-18 16:19:29",
    "calendarYear": "2023",
    "period": "Q1",
    "revenue": 15126000000,
    "costOfRevenue": 13080000000,
    "grossProfit": 2046000000,
    "grossProfitRatio": 0.1352637842,
    "researchAndDevelopmentExpenses": 0,
    "generalAndAdministrativeExpenses": -110000000,
    "sellingAndMarketingExpenses": 0,
    "sellingGeneralAndAdministrativeExpenses": -110000000,
    "otherExpenses": 119000000,
    "operatingExpenses": 9000000,
    "costAndExpenses": 13089000000,
    "interestIncome": 0,
    "interestExpense": 202000000,
    "depreciationAndAmortization": 325000000,
    "ebitda": 2521000000,
    "ebitdaratio": 0.1666666667,
    "operatingIncome": 2037000000,
    "operatingIncomeRatio": 0.1346687822,
    "totalOtherIncomeExpensesNet": -43000000,
    "incomeBeforeTax": 1994000000,
    "incomeBeforeTaxRatio": 0.131825995,
    "incomeTaxExpense": 305000000,
    "netIncome": 1689000000,
    "netIncomeRatio": 0.1116620389,
    "eps": 6.63,
    "epsdiluted": 6.61,
    "weightedAverageShsOut": 254700000,
    "weightedAverageShsOutDil": 255700000,
    "link": "https://www.sec.gov/Archives/edgar/data/936468/000093646823000051/0000936468-23-000051-index.htm",
    "finalLink": "https://www.sec.gov/Archives/edgar/data/936468/000093646823000051/lmt-20230326.htm"
  },
  {
    "date": "2022-12-31",
    "symbol": "LMT",
    "reportedCurrency": "USD",
    "cik": "0000936468",
    "fillingDate": "2023-01-26",
    "acceptedDate": "2023-01-26 16:29:45",
    "calendarYear": "2022",
    "period": "Q4",
    "revenue": 18991000000,
    "costOfRevenue": 16689000000,
    "grossProfit": 2302000000,
    "grossProfitRatio": 0.1212153125,
    "researchAndDevelopmentExpenses": 1700000000,
    "generalAndAdministrativeExpenses": 0,
    "sellingAndMarketingExpenses": 0,
    "sellingGeneralAndAdministrativeExpenses": 135000000,
    "otherExpenses": 9000000,
    "operatingExpenses": 9000000,
    "costAndExpenses": 16698000000,
    "interestIncome": 202000000,
    "interestExpense": 202000000,
    "depreciationAndAmortization": 439000000,
    "ebitda": 2831000000,
    "ebitdaratio": 0.1490706124,
    "operatingIncome": 2293000000,
    "operatingIncomeRatio": 0.1207414038,
    "totalOtherIncomeExpensesNet": -193000000,
    "incomeBeforeTax": 2190000000,
    "incomeBeforeTaxRatio": 0.1153177821,
    "incomeTaxExpense": 278000000,
    "netIncome": 1912000000,
    "netIncomeRatio": 0.1006792691,
    "eps": 7.44,
    "epsdiluted": 7.4,
    "weightedAverageShsOut": 257100000,
    "weightedAverageShsOutDil": 258300000,
    "link": "https://www.sec.gov/Archives/edgar/data/936468/000093646823000009/0000936468-23-000009-index.htm",
    "finalLink": "https://www.sec.gov/Archives/edgar/data/936468/000093646823000009/lmt-20221231.htm"
  },
  {
    "date": "2022-09-25",
    "symbol": "LMT",
    "reportedCurrency": "USD",
    "cik": "0000936468",
    "fillingDate": "2022-10-18",
    "acceptedDate": "2022-10-18 16:19:45",
    "calendarYear": "2022",
    "period": "Q3",
    "revenue": 16583000000,
    "costOfRevenue": 14463000000,
    "grossProfit": 2120000000,
    "grossProfitRatio": 0.1278417657,
    "researchAndDevelopmentExpenses": 0,
    "generalAndAdministrativeExpenses": 0,
    "sellingAndMarketingExpenses": 0,
    "sellingGeneralAndAdministrativeExpenses": 0,
    "otherExpenses": 124000000,
    "operatingExpenses": 124000000,
    "costAndExpenses": 14463000000,
    "interestIncome": 0,
    "interestExpense": 145000000,
    "depreciationAndAmortization": 293000000,
    "ebitda": 2537000000,
    "ebitdaratio": 0.1529879998,
    "operatingIncome": 2159000000,
    "operatingIncomeRatio": 0.1301935717,
    "totalOtherIncomeExpensesNet": -60000000,
    "incomeBeforeTax": 2099000000,
    "incomeBeforeTaxRatio": 0.1265754086,
    "incomeTaxExpense": 321000000,
    "netIncome": 1778000000,
    "netIncomeRatio": 0.1072182355,
    "eps": 6.73,
    "epsdiluted": 6.71,
    "weightedAverageShsOut": 264100000,
    "weightedAverageShsOutDil": 265100000,
    "link": "https://www.sec.gov/Archives/edgar/data/936468/000093646822000120/0000936468-22-000120-index.htm",
    "finalLink": "https://www.sec.gov/Archives/edgar/data/936468/000093646822000120/lmt-20220925.htm"
  },
  {
    "date": "2022-06-26",
    "symbol": "LMT",
    "reportedCurrency": "USD",
    "cik": "0000936468",
    "fillingDate": "2022-07-19",
    "acceptedDate": "2022-07-19 16:25:15",
    "calendarYear": "2022",
    "period": "Q2",
    "revenue": 15446000000,
    "costOfRevenue": 13490000000,
    "grossProfit": 1956000000,
    "grossProfitRatio": 0.1266347274,
    "researchAndDevelopmentExpenses": 0,
    "generalAndAdministrativeExpenses": 0,
    "sellingAndMarketingExpenses": 0,
    "sellingGeneralAndAdministrativeExpenses": 1304000000,
    "otherExpenses": -1492000000,
    "operatingExpenses": -7000000,
    "costAndExpenses": 13490000000,
    "interestIncome": 0,
    "interestExpense": 141000000,
    "depreciationAndAmortization": 343000000,
    "ebitda": 814000000,
    "ebitdaratio": 0.0526997281,
    "operatingIncome": 1956000000,
    "operatingIncomeRatio": 0.1266347274,
    "totalOtherIncomeExpensesNet": -1626000000,
    "incomeBeforeTax": 330000000,
    "incomeBeforeTaxRatio": 0.0213647546,
    "incomeTaxExpense": 21000000,
    "netIncome": 309000000,
    "netIncomeRatio": 0.0200051793,
    "eps": 1.16,
    "epsdiluted": 1.16,
    "weightedAverageShsOut": 265800000,
    "weightedAverageShsOutDil": 266700000,
    "link": "https://www.sec.gov/Archives/edgar/data/936468/000093646822000096/0000936468-22-000096-index.htm",
    "finalLink": "https://www.sec.gov/Archives/edgar/data/936468/000093646822000096/lmt-20220626.htm"
  },
  {
    "date": "2022-03-27",
    "symbol": "LMT",
    "reportedCurrency": "USD",
    "cik": "0000936468",
    "fillingDate": "2022-04-20",
    "acceptedDate": "2022-04-20 16:31:57",
    "calendarYear": "2022",
    "period": "Q1",
    "revenue": 14964000000,
    "costOfRevenue": 13055000000,
    "grossProfit": 1909000000,
    "grossProfitRatio": 0.1275728415,
    "researchAndDevelopmentExpenses": 0,
    "generalAndAdministrativeExpenses": 0,
    "sellingAndMarketingExpenses": 0,
    "sellingGeneralAndAdministrativeExpenses": 166000000,
    "otherExpenses": 263000000,
    "operatingExpenses": -24000000,
    "costAndExpenses": 13031000000,
    "interestIncome": 0,
    "interestExpense": 135000000,
    "depreciationAndAmortization": 329000000,
    "ebitda": 2525000000,
    "ebitdaratio": 0.1687383053,
    "operatingIncome": 1933000000,
    "operatingIncomeRatio": 0.1291766907,
    "totalOtherIncomeExpensesNet": 128000000,
    "incomeBeforeTax": 2061000000,
    "incomeBeforeTaxRatio": 0.1377305533,
    "incomeTaxExpense": 328000000,
    "netIncome": 1733000000,
    "netIncomeRatio": 0.1158112804,
    "eps": 6.46,
    "epsdiluted": 6.44,
    "weightedAverageShsOut": 268300000,
    "weightedAverageShsOutDil": 269200000,
    "link": "https://www.sec.gov/Archives/edgar/data/936468/000093646822000048/0000936468-22-000048-index.htm",
    "finalLink": "https://www.sec.gov/Archives/edgar/data/936468/000093646822000048/lmt-20220327.htm"
  },
  {
    "date": "2021-12-31",
    "symbol": "LMT",
    "reportedCurrency": "USD",
    "cik": "0000936468",
    "fillingDate": "2022-01-25",
    "acceptedDate": "2022-01-25 07:58:39",
    "calendarYear": "2021",
    "period": "Q4",
    "revenue": 17729000000,
    "costOfRevenue": 15307000000,
    "grossProfit": 2422000000,
    "grossProfitRatio": 0.1366123301,
    "researchAndDevelopmentExpenses": 1500000000,
    "generalAndAdministrativeExpenses": 0,
    "sellingAndMarketingExpenses": 0,
    "sellingGeneralAndAdministrativeExpenses": 105000000,
    "otherExpenses": 181000000,
    "operatingExpenses": -33000000,
    "costAndExpenses": 15274000000,
    "interestIncome": 0,
    "interestExpense": 146000000,
    "depreciationAndAmortization": 365000000,
    "ebitda": 3001000000,
    "ebitdaratio": 0.1692706864,
    "operatingIncome": 2455000000,
    "operatingIncomeRatio": 0.1384736872,
    "totalOtherIncomeExpensesNet": 35000000,
    "incomeBeforeTax": 2490000000,
    "incomeBeforeTaxRatio": 0.1404478538,
    "incomeTaxExpense": 441000000,
    "netIncome": 2049000000,
    "netIncomeRatio": 0.1155733544,
    "eps": 7.5,
    "epsdiluted": 7.47,
    "weightedAverageShsOut": 273300000,
    "weightedAverageShsOutDil": 274300000,
    "link": "https://www.sec.gov/Archives/edgar/data/936468/000093646822000008/0000936468-22-000008-index.htm",
    "finalLink": "https://www.sec.gov/Archives/edgar/data/936468/000093646822000008/lmt-20211231.htm"
  },
  {
    "date": "2021-09-26",
    "symbol": "LMT",
    "reportedCurrency": "USD",
    "cik": "0000936468",
    "fillingDate": "2021-10-26",
    "acceptedDate": "2021-10-26 16:33:36",
    "calendarYear": "2021",
    "period": "Q3",
    "revenue": 16028000000,
    "costOfRevenue": 13726000000,
    "grossProfit": 2302000000,
    "grossProfitRatio": 0.1436236586,
    "researchAndDevelopmentExpenses": 0,
    "generalAndAdministrativeExpenses": 0,
    "sellingAndMarketingExpenses": 0,
    "sellingGeneralAndAdministrativeExpenses": 1559000000,
    "otherExpenses": -1474000000,
    "operatingExpenses": 8000000,
    "costAndExpenses": 13734000000,
    "interestIncome": 0,
    "interestExpense": 141000000,
    "depreciationAndAmortization": 329000000,
    "ebitda": 1149000000,
    "ebitdaratio": 0.0716870477,
    "operatingIncome": 2294000000,
    "operatingIncomeRatio": 0.1431245321,
    "totalOtherIncomeExpensesNet": -1615000000,
    "incomeBeforeTax": 679000000,
    "incomeBeforeTaxRatio": 0.0423633641,
    "incomeTaxExpense": 65000000,
    "netIncome": 614000000,
    "netIncomeRatio": 0.0383079611,
    "eps": 2.22,
    "epsdiluted": 2.21,
    "weightedAverageShsOut": 276200000,
    "weightedAverageShsOutDil": 277300000,
    "link": "https://www.sec.gov/Archives/edgar/data/936468/000093646821000101/0000936468-21-000101-index.htm",
    "finalLink": "https://www.sec.gov/Archives/edgar/data/936468/000093646821000101/lmt-20210926.htm"
  },
  {
    "date": "2021-06-27",
    "symbol": "LMT",
    "reportedCurrency": "USD",
    "cik": "0000936468",
    "fillingDate": "2021-07-26",
    "acceptedDate": "2021-07-26 16:15:03",
    "calendarYear": "2021",
    "period": "Q2",
    "revenue": 17029000000,
    "costOfRevenue": 14878000000,
    "grossProfit": 2151000000,
    "grossProfitRatio": 0.1263139351,
    "researchAndDevelopmentExpenses": 0,
    "generalAndAdministrativeExpenses": 0,
    "sellingAndMarketingExpenses": 0,
    "sellingGeneralAndAdministrativeExpenses": 107000000,
    "otherExpenses": 120000000,
    "operatingExpenses": -41000000,
    "costAndExpenses": 14837000000,
    "interestIncome": 0,
    "interestExpense": 142000000,
    "depreciationAndAmortization": 334000000,
    "ebitda": 2646000000,
    "ebitdaratio": 0.1553819954,
    "operatingIncome": 2192000000,
    "operatingIncomeRatio": 0.1287215926,
    "totalOtherIncomeExpensesNet": -22000000,
    "incomeBeforeTax": 2170000000,
    "incomeBeforeTaxRatio": 0.1274296788,
    "incomeTaxExpense": 355000000,
    "netIncome": 1815000000,
    "netIncomeRatio": 0.106582888,
    "eps": 6.54,
    "epsdiluted": 6.52,
    "weightedAverageShsOut": 277400000,
    "weightedAverageShsOutDil": 278400000,
    "link": "https://www.sec.gov/Archives/edgar/data/936468/000093646821000072/0000936468-21-000072-index.htm",
    "finalLink": "https://www.sec.gov/Archives/edgar/data/936468/000093646821000072/lmt-20210627.htm"
  },
  {
    "date": "2021-03-28",
    "symbol": "LMT",
    "reportedCurrency": "USD",
    "cik": "0000936468",
    "fillingDate": "2021-04-21",
    "acceptedDate": "2021-04-21 16:38:21",
    "calendarYear": "2021",
    "period": "Q1",
    "revenue": 16258000000,
    "costOfRevenue": 14072000000,
    "grossProfit": 2186000000,
    "grossProfitRatio": 0.1344568828,
    "researchAndDevelopmentExpenses": 0,
    "generalAndAdministrativeExpenses": 0,
    "sellingAndMarketingExpenses": 0,
    "sellingGeneralAndAdministrativeExpenses": 106000000,
    "otherExpenses": 169000000,
    "operatingExpenses": 4000000,
    "costAndExpenses": 14076000000,
    "interestIncome": 0,
    "interestExpense": 140000000,
    "depreciationAndAmortization": 336000000,
    "ebitda": 2687000000,
    "ebitdaratio": 0.1652724812,
    "operatingIncome": 2182000000,
    "operatingIncomeRatio": 0.13421085,
    "totalOtherIncomeExpensesNet": 29000000,
    "incomeBeforeTax": 2211000000,
    "incomeBeforeTaxRatio": 0.1359945873,
    "incomeTaxExpense": 374000000,
    "netIncome": 1837000000,
    "netIncomeRatio": 0.1129905277,
    "eps": 6.58,
    "epsdiluted": 6.56,
    "weightedAverageShsOut": 279000000,
    "weightedAverageShsOutDil": 280000000,
    "link": "https://www.sec.gov/Archives/edgar/data/936468/000093646821000044/0000936468-21-000044-index.htm",
    "finalLink": "https://www.sec.gov/Archives/edgar/data/936468/000093646821000044/lmt-20210328.htm"
  },
  {
    "date": "2020-12-31",
    "symbol": "LMT",
    "reportedCurrency": "USD",
    "cik": "0000936468",
    "fillingDate": "2021-01-28",
    "acceptedDate": "2021-01-28 17:08:55",
    "calendarYear": "2020",
    "period": "Q4",
    "revenue": 17032000000,
    "costOfRevenue": 14818000000,
    "grossProfit": 2214000000,
    "grossProfitRatio": 0.1299906059,
    "researchAndDevelopmentExpenses": 1300000000,
    "generalAndAdministrativeExpenses": 0,
    "sellingAndMarketingExpenses": 0,
    "sellingGeneralAndAdministrativeExpenses": 60000000,
    "otherExpenses": 47000000,
    "operatingExpenses": -75000000,
    "costAndExpenses": 14743000000,
    "interestIncome": 0,
    "interestExpense": 149000000,
    "depreciationAndAmortization": 363000000,
    "ebitda": 2699000000,
    "ebitdaratio": 0.1584664162,
    "operatingIncome": 2289000000,
    "operatingIncomeRatio": 0.1343940817,
    "totalOtherIncomeExpensesNet": -102000000,
    "incomeBeforeTax": 2187000000,
    "incomeBeforeTaxRatio": 0.1284053546,
    "incomeTaxExpense": 395000000,
    "netIncome": 1792000000,
    "netIncomeRatio": 0.1052137154,
    "eps": 6.41,
    "epsdiluted": 6.38,
    "weightedAverageShsOut": 279700000,
    "weightedAverageShsOutDil": 281000000,
    "link": "https://www.sec.gov/Archives/edgar/data/936468/000093646821000013/0000936468-21-000013-index.htm",
    "finalLink": "https://www.sec.gov/Archives/edgar/data/936468/000093646821000013/lmt-20201231.htm"
  },
  {
    "date": "2020-09-27",
    "symbol": "LMT",
    "reportedCurrency": "USD",
    "cik": "0000936468",
    "fillingDate": "2020-10-22",
    "acceptedDate": "2020-10-22 16:31:44",
    "calendarYear": "2020",
    "period": "Q3",
    "revenue": 16495000000,
    "costOfRevenue": 14359000000,
    "grossProfit": 2136000000,
    "grossProfitRatio": 0.129493786,
    "researchAndDevelopmentExpenses": 0,
    "generalAndAdministrativeExpenses": 0,
    "sellingAndMarketingExpenses": 0,
    "sellingGeneralAndAdministrativeExpenses": 59000000,
    "otherExpenses": 54000000,
    "operatingExpenses": -11000000,
    "costAndExpenses": 14348000000,
    "interestIncome": 0,
    "interestExpense": 145000000,
    "depreciationAndAmortization": 319000000,
    "ebitda": 2520000000,
    "ebitdaratio": 0.1527735677,
    "operatingIncome": 2147000000,
    "operatingIncomeRatio": 0.1301606547,
    "totalOtherIncomeExpensesNet": -91000000,
    "incomeBeforeTax": 2056000000,
    "incomeBeforeTaxRatio": 0.1246438315,
    "incomeTaxExpense": 303000000,
    "netIncome": 1698000000,
    "netIncomeRatio": 0.1029402849,
    "eps": 6.08,
    "epsdiluted": 6.05,
    "weightedAverageShsOut": 279300000,
    "weightedAverageShsOutDil": 280600000,
    "link": "https://www.sec.gov/Archives/edgar/data/936468/000093646820000125/0000936468-20-000125-index.htm",
    "finalLink": "https://www.sec.gov/Archives/edgar/data/936468/000093646820000125/lmt-20200927.htm"
  },
  {
    "date": "2020-06-28",
    "symbol": "LMT",
    "reportedCurrency": "USD",
    "cik": "0000936468",
    "fillingDate": "2020-07-21",
    "acceptedDate": "2020-07-21 12:10:18",
    "calendarYear": "2020",
    "period": "Q2",
    "revenue": 16220000000,
    "costOfRevenue": 14007000000,
    "grossProfit": 2213000000,
    "grossProfitRatio": 0.1364364982,
    "researchAndDevelopmentExpenses": 0,
    "generalAndAdministrativeExpenses": 0,
    "sellingAndMarketingExpenses": 0,
    "sellingGeneralAndAdministrativeExpenses": 62000000,
    "otherExpenses": 25000000,
    "operatingExpenses": 127000000,
    "costAndExpenses": 14134000000,
    "interestIncome": 0,
    "interestExpense": 149000000,
    "depreciationAndAmortization": 307000000,
    "ebitda": 2418000000,
    "ebitdaratio": 0.1490752158,
    "operatingIncome": 2086000000,
    "operatingIncomeRatio": 0.1286066584,
    "totalOtherIncomeExpensesNet": -124000000,
    "incomeBeforeTax": 1962000000,
    "incomeBeforeTaxRatio": 0.1209617756,
    "incomeTaxExpense": 336000000,
    "netIncome": 1626000000,
    "netIncomeRatio": 0.1002466091,
    "eps": 5.81,
    "epsdiluted": 5.79,
    "weightedAverageShsOut": 279800000,
    "weightedAverageShsOutDil": 280800000,
    "link": "https://www.sec.gov/Archives/edgar/data/936468/000093646820000115/0000936468-20-000115-index.htm",
    "finalLink": "https://www.sec.gov/Archives/edgar/data/936468/000093646820000115/lmt-20200628.htm"
  },
  {
    "date": "2020-03-29",
    "symbol": "LMT",
    "reportedCurrency": "USD",
    "cik": "0000936468",
    "fillingDate": "2020-04-22",
    "acceptedDate": "2020-04-22 16:09:41",
    "calendarYear": "2020",
    "period": "Q1",
    "revenue": 15651000000,
    "costOfRevenue": 13560000000,
    "grossProfit": 2091000000,
    "grossProfitRatio": 0.1336016868,
    "researchAndDevelopmentExpenses": 0,
    "generalAndAdministrativeExpenses": 0,
    "sellingAndMarketingExpenses": 0,
    "sellingGeneralAndAdministrativeExpenses": 60000000,
    "otherExpenses": 87000000,
    "operatingExpenses": -31000000,
    "costAndExpenses": 13560000000,
    "interestIncome": 0,
    "interestExpense": 148000000,
    "depreciationAndAmortization": 301000000,
    "ebitda": 2479000000,
    "ebitdaratio": 0.158392435,
    "operatingIncome": 2122000000,
    "operatingIncomeRatio": 0.1355823909,
    "totalOtherIncomeExpensesNet": -92000000,
    "incomeBeforeTax": 2030000000,
    "incomeBeforeTaxRatio": 0.1297041723,
    "incomeTaxExpense": 313000000,
    "netIncome": 1717000000,
    "netIncomeRatio": 0.1097054501,
    "eps": 6.1,
    "epsdiluted": 6.08,
    "weightedAverageShsOut": 281300000,
    "weightedAverageShsOutDil": 282600000,
    "link": "https://www.sec.gov/Archives/edgar/data/936468/000093646820000056/0000936468-20-000056-index.htm",
    "finalLink": "https://www.sec.gov/Archives/edgar/data/936468/000093646820000056/lmtq1202010q.htm"
  }
]